2086 3528
733 331 882 372 LIBER
907 333 1108 374 PRIMUS.
1575 335 1594 372 1
1604 337 1626 372 7

209 414 326 462 tium
341 451 354 474 ‚
388 413 463 462 vel
499 413 613 462 inde
649 414 1078 477 transfretantium,
1115 416 1273 465 salvus
1309 416 1389 463 vix
1421 397 1626 466 eradere

208 500 419 557 poterat,
443 492 561 557 quin
586 508 613 539 a
632 491 869 557 praedictis
893 494 1058 559 piratis
1080 503 1347 560 caperetur.
1377 493 1516 543 Unde
1538 511 1627 562 op-

207 569 376 636 pidum
394 569 513 619 illud
535 570 850 633 Hareflotum,
876 573 1010 638 quod
1034 583 1104 622 est
1134 574 1277 622 situm
1299 573 1363 622 ad
1388 572 1627 624 orificium

208 651 454 719 Sequanae,
479 671 633 720 prope
659 653 743 702 ubi
768 654 898 703 idem
921 656 1096 704 fluvius
1118 658 1168 704 in
1188 673 1321 704 mare
1340 656 1515 720 influit,
1539 657 1628 706 hu-

203 732 472 799 juscemodi
493 733 671 799 rapinis
694 742 742 781 et
763 734 952 799 spoliis,
978 744 1082 783 tum
1107 735 1371 801 Anglorum
1398 737 1623 798 maxime,

209 819 313 858 tum
337 810 482 858 etiam
512 809 715 858 aliorum
746 827 1163 878 quorumcumque
1202 811 1264 860 ad
1297 829 1420 877 quos
1457 828 1641 863 manus·

208 888 396 936 mittere
418 887 566 936 iidem
583 889 746 954 piratae
767 889 1060 954 potuissent,
1088 889 1373 955 opulentum
1393 891 1533 940 valde
1554 892 1629 939 ef-

209 966 386 1015 fectum
419 976 542 1027 erat,
572 967 611 1014 si
637 977 799 1015 tamen
833 977 962 1015 recte
995 968 1240 1034 opulentia
1261 968 1356 1016 dici
1386 978 1546 1034 potest
1570 987 1628 1018 ex

211 1043 384 1092 talibus
406 1045 587 1110 rapinis
605 1045 894 1110 conquisita.

276 1125 386 1170 Haec
412 1139 528 1187 ergo
557 1123 730 1187 injuria
763 1132 919 1170 totum
943 1122 1063 1171 illud
1095 1140 1298 1188 regnum
1329 1133 1377 1172 et
1408 1125 1628 1174 omnium

208 1200 476 1248 incolarum
489 1201 589 1265 ejus
603 1201 790 1248 animos
807 1201 1012 1249 maxime
1033 1201 1253 1250 accendit
1276 1212 1420 1268 atque
1441 1203 1631 1269 impulit

209 1289 284 1340 ut,
310 1295 411 1327 sese
433 1278 607 1327 talibus
631 1278 853 1345 periculis
876 1278 1198 1328 subducentes
1214 1318 1226 1340 ,
1252 1297 1420 1346 poenas
1442 1297 1534 1346 pro
1558 1291 1631 1329 ta-

206 1355 333 1405 libus
368 1357 557 1405 damnis
595 1366 737 1422 atque
782 1357 966 1422 injuriis
1011 1367 1319 1423 reposcerent
1335 1396 1347 1418 ,
1384 1368 1630 1424 terrasque

208 1435 530 1495 Normanniae,
558 1451 586 1483 a
613 1435 786 1500 quibus
815 1435 882 1483 ita
907 1435 1111 1499 graviter
1131 1437 1495 1501 premebantur,
1522 1455 1632 1486 suas

209 1513 355 1561 ulturi
369 1514 564 1579 injurias
575 1551 587 1572 ,
603 1512 995 1578 aggrederentur.
1012 1513 1107 1561 Sed
1123 1523 1171 1561 et
1190 1514 1253 1562 ad
1275 1514 1325 1562 id
1347 1515 1629 1563 audendum

208 1592 567 1653 etiamlinvitati
591 1609 620 1640 a
644 1591 1008 1657 quamplurimis
1037 1603 1330 1655 asseruntur,
1370 1609 1398 1641 a
1434 1594 1631 1659 praefato

207 1673 415 1733 Joanne,
437 1669 839 1734 Burgundionum
862 1669 1009 1732 duce,
1036 1670 1145 1734 qui,
1178 1687 1289 1718 cum
1313 1681 1512 1737 propter
1545 1689 1634 1720 ne-

208 1763 315 1796 cem
335 1747 471 1796 ducis
494 1747 909 1796 Aurelianensium
931 1756 980 1795 et
1007 1747 1140 1809 alias,
1165 1764 1284 1813 quas
1310 1765 1456 1814 supra
1478 1750 1634 1797 retuli-

208 1842 333 1888 mus,
361 1843 543 1889 causas,
570 1843 738 1874 omnes
759 1842 893 1891 paene
915 1826 1050 1890 regni
1074 1826 1317 1892 principes
1342 1837 1390 1874 et
1412 1844 1634 1893 proceres

208 1905 271 1953 ad
301 1922 352 1953 se
383 1904 801 1953 exterminandum
836 1903 1102 1952 concitat0s
1138 1903 1348 1966 videret,
1387 1921 1478 1952 nec
1503 1905 1635 1953 solus

209 1983 344 2032 facile
371 1994 542 2033 contra
572 1993 753 2032 tantam
784 1982 1049 2049 potentiam
1079 1999 1130 2030 se
1164 1999 1221 2031 ac
1253 1991 1402 2030 terras
1426 2000 1536 2031 suas
1558 1993 1635 2031 tu-

211 2062 299 2109 tari
341 2062 599 2128 potuisset,
639 2061 808 2109 solatia
841 2060 902 2108 ab
938 2059 1144 2124 Anglicis
1185 2060 1300 2125 ipsis
1343 2077 1604 2126 exposcens
1620 2100 1631 2121 ,

210 2139 391 2188 eisdem
413 2140 511 2187 suis
527 2138 750 2205 potiundi
766 2137 1013 2186 desideriis
1029 2153 1255 2201 magnam
1275 2137 1504 2186 fiduciam
1520 2155 1638 2186 con-

210 2217 343 2280 tulit3
378 2235 492 2266 cum
516 2219 659 2266 etiam
682 2217 830 2283 ipsius
853 2216 1067 2282 potentia
1091 2225 1139 2264 et
1165 2216 1346 2264 viribus
1361 2253 1373 2277 ,
1402 2218 1486 2282 qui
1510 2234 1635 2265 unus

210 2311 268 2343 ex
295 2296 440 2344 totius
465 2296 601 2360 regni
630 2294 928 2361 principibus
953 2294 1108 2358 major
1135 2310 1192 2342 ac
1218 2295 1464 2360 potentior
1498 2294 1634 2343 vide-

210 2371 369 2435 batur,
389 2389 558 2421 eorum
578 2373 794 2439 potentia
813 2372 1020 2420 maxime
1042 2382 1296 2435 augeretur
1315 2381 1363 2420 et
1378 2383 1631 2421 crescere-t.

278 2450 522 2516 Regnabat
543 2461 659 2498 tunc
687 2451 737 2498 in
763 2450 930 2514 Anglia
956 2450 1190 2497 Henricus
1216 2451 1544 2511 Lancastriae¹,
1573 2451 1636 2499 ad

212 2545 382 2594 quem,
407 2529 636 2577 exstincto
664 2545 775 2593 rege
800 2527 1034 2588 Ricardo,
1063 2528 1210 2575 totius
1245 2528 1380 2592 regni
1412 2527 1637 2576 modera-

213 2606 281 2654 tio
306 2623 364 2655 ex
390 2616 589 2672 paterna
615 2607 916 2655 successione
950 2604 1176 2653 devoluta
1210 2614 1326 2653 erat.
1368 2608 1526 2664 Quam
1558 2605 1636 2652 Ri-

269 2785 307 2823 1.
339 2782 460 2822 Hem-i
478 2785 526 2830 V,
546 2782 605 2821 roi
626 2795 696 2835 par
712 2781 967 2836 l'usurpation
978 2794 1055 2834 que
1067 2793 1138 2820 son
1155 2781 1250 2834 pere
1269 2780 1373 2820 avait
1391 2781 1636 2820 consommee

217 2857 283 2883 sur
299 2842 469 2884 Richard
484 2845 537 2883 II.

324 2925 340 2949 1
1402 2908 1425 2943 2
