2086 3528
531 427 609 469 294
913 420 1258 468 HISTORIARUM
1284 426 1561 485 CAROLIsvn

531 525 599 575 et,
637 522 688 561 ut
718 513 866 578 ipsius
905 511 1093 571 indoles
1123 510 1467 575 portendebat,
1510 525 1682 574 magna
1717 518 1762 559 et
1798 504 1949 559 anilia

531 593 653 640 foret
675 589 988 638 verisimiliter
1013 587 1278 648 subiturus,
1314 589 1352 636 si
1383 589 1432 635 i'n
1454 589 1638 636 virilem
1667 589 1950 637 excrevisset

529 681 733 732 aetatem,
761 686 868 735 spes
889 686 990 716 non
1011 668 1202 716 modica
1226 668 1286 716 de
1309 685 1368 716 eo
1391 669 1581 735 concipi
1605 677 1796 734 poterat
1814 667 1950 735 quod

529 750 652 814 ipse,
679 765 791 796 cum
817 747 992 795 auxilio
1018 745 1221 793 aliorum
1246 746 1519 811 principum
1546 745 1946 808 christianorum,

529 825 774 891 potissime
823 827 1116 870 Francorum
1161 822 1250 870 sibi
1287 822 1525 886 adjunctis
1562 823 1774 886 viribus,
1818 823 1951 873 illam

529 913 777 951 cruentam
801 902 1031 963 bestiam,
1059 905 1319 948 Turcarum
1351 901 1712 967 imperatorem,
1739 900 1800 950 de
1825 904 1950 950 Gt-ae.

529 983 613 1028 ciae
637 991 681 1029 et
703 981 847 1028 totius
867 983 1068 1045 Europae
1082 978 1258 1026 finibus
1280 979 1507 1043 ejecisset.
1527 977 1620 1026 Sed
1634 994 1785 1042 secus,
1803 977 1946 1028 heus!

530 1060 766 1107 divinitati
789 1058 990 1124 placuit,
1019 1057 1198 1104 volenti
1230 1056 1390 1104 adhuc
1419 1056 1702 1121 (bominum
1725 1056 1951 1122 exigenti-

529 1139 621 1186 bus
653 1137 885 1204 peccatis)
912 1136 1284 1183 christianorum
1309 1145 1456 1182 terras
1484 1151 1572 1200 per
1595 1136 1711 1184 tales
1734 1134 1951 1184 infideles

529 1227 763 1281 tyrannos
786 1214 1014 1279 flagellari
1036 1223 1084 1261 et
1108 1214 1244 1261 atteri
1263 1251 1276 1276 ,
1303 1230 1392 1278 pro
1416 1224 1559 1261 sacrae
1578 1214 1825 1279 potissime
1846 1214 1951 1262 reli-

528 1295 681 1359 gionis
703 1293 948 1357 neglectu3
976 1309 1099 1357 quae,
1123 1308 1233 1339 cum
1255 1291 1372 1339 olim
1400 1293 1450 1339 in
1475 1291 1952 1340 summa'reverentia

528 1381 671 1436 atque
692 1371 1017 1431 observantia,
1038 1369 1305 1418 secundum
1320 1370 1515 1416 Domini
1528 1370 1784 1418 salvatoris
1800 1370 1952 1421 nostri

528 1448 853 1512 evangelicam
888 1458 936 1495 et
966 1447 1281 1514 apostolicam
1316 1447 1588 1495 doctrinam
1622 1454 1767 1512 atque
1804 1447 1951 1496 tradi-

528 1527 734 1586 tionem,
763 1525 1003 1574 coleretur
1027 1526 1222 1591 passim,
1251 1542 1406 1585 nunc,
1433 1525 1559 1591 proh
1590 1522 1757 1573 dolori
1787 1537 1815 1572 a
1845 1525 1952 1590 qui—

528 1603 714 1668 busque
738 1603 920 1668 absque
947 1602 1045 1649 ullo
1073 1602 1263 1650 delectu
1287 1602 1531 1664 irridetur,
1566 1611 1875 1668 oppugnatur
1904 1611 1952 1651 et

527 1686 755 1744 calcatur,
783 1694 830 1731 et
854 1684 914 1732 ab
938 1684 1029 1732 illis
1051 1684 1298 1749 potissime
1322 1683 1486 1748 (quod
1509 1683 1782 1732 scelerafius
1803 1692 1851 1732 et
1877 1683 1952 1731 di-

527 1762 711 1809 vinitati
757 1761 1086 1827 displicibilius
1129 1761 1368 1826 exsistit),
1416 1762 1499 1827 qui
1543 1774 1651 1810 eam·
1686 1761 1953 1826 religiosius

527 1839 768 1901 excolere,
795 1840 940 1887 tutari
964 1848 1011 1886 et
1033 1838 1292 1887 defendere
1315 1838 1668 1904 obligabantur.

593 1920 801 1963 Eventus
831 1926 990 1964 tamen
1025 1916 1302 1980 hujusmodi
1337 1933 1435 1964 non
1472 1917 1717 1965 infaustus·
1738 1918 1952 1982 Burgun-

526 1994 728 2042 dionum
753 1994 865 2041 duci
885 1994 996 2055 fuit,
1015 1995 1098 2059 qui
1113 1995 1544 2043 eum‘acerbissimo
1558 2006 1604 2043 et
1618 1995 1950 2062 potentissimo

523 2071 662 2120 hoste
690 2072 932 2128 liberavit;
960 2073 1096 2136 cujus
1121 2074 1231 2120 satis
1247 2074 1562 2138 conspicuum
1583 2083 1683 2121 enat
1705 2072 1945 2133 Carolum,

524 2154 686 2213 regem
703 2153 1015 2210 Francorum,
1036 2151 1225 2198 charius
1239 2151 1391 2198 foedus
1406 2160 1626 2216 expetere
1643 2160 1690 2198 et
1706 2151 1945 2217 amplecti,

526 2237 602 2287 nt,
631 2227 909 2275 auxiliatore
931 2230 1039 2291 tali,
1069 2229 1233 2276 ulcisci
1257 2246 1306 2276 se
1329 2246 1418 2295 pro
1446 2239 1558 2277 voto
1583 2246 1672 2277 suo
1690 2229 1752 2277 de
1774 2229 1948 2278 eodem

524 2306 924 2367 Burgundionum
945 2306 1068 2353 duce
1083 2307 1334 2371 potuisset.
1357 2306 1450 2354 Sed
1473 2316 1519 2354 et
1537 2323 1648 2354 cum
1673 2307 1721 2354 in
1742 2323 1796 2355 ea
1813 2314 1951 2374 parte

520 2382 650 2430 idem
675 2386 966 2430 Francorum
993 2400 1101 2443 rex,
1129 2385 1263 2449 quod
1293 2385 1540 2450 cupiebat,
1574 2385 1772 2434 minime
1805 2387 1950 2434 inve—-

522 2460 665 2507 nisset
686 2496 697 2520 ,
729 2477 828 2507 non
852 2461 1034 2508 destitit
1054 2471 1233 2521 tamen,
1252 2461 1544 2526 ubicumque
1566 2462 1654 2510 sibi
1679 2463 1950 2530 opitulatu—

522 2554 631 2584 rum
656 2539 888 2586 aestimare
907 2549 1067 2603 posset
1087 2549 1134 2586 et
1158 2540 1527 2604 undecumque,
1552 2541 1731 2589 foedera
1753 2541 1816 2590 ad
1839 2557 1947 2590 eam

520 2616 840 2663 intentionem
865 2627 1102 2682 expetere.
1133 2620 1251 2664 Nam
1280 2628 1326 2664 et
1358 2619 1536 2666 foedera
1561 2636 1672 2667 cum
1696 2622 1947 2668 Dacorum

522 2696 649 2757 rege¹
679 2703 724 2740 et
747 2710 856 2741 cum
880 2694 1101 2760 pluribus
1130 2696 1249 2742 sacri
1275 2695 1460 2761 imperii
1484 2696 1771 2747 electoribus
1801 2708 1945 2765 atque

574 2864 611 2899 1.
644 2862 852 2902 Christiern
871 2867 935 2904 Ie‘.
952 2867 1005 2902 Le
1025 2864 1134 2903 traite
1154 2878 1248 2904 avec
1267 2879 1309 2904 ce
1328 2866 1386 2904 roi
1406 2875 1462 2906 est
1482 2866 1532 2905 du
1553 2869 1602 2906 27
1621 2867 1696 2907 mai
1717 2868 1835 2908 1456.
1858 2869 1945 2908 Du-

519 2931 648 2971 mont‚
670 2925 786 2973 Cmps
807 2926 1095 2977 diplomatique,
1119 2935 1144 2965 t.
1173 2930 1227 2965 ΙΙΙ
1243 2959 1252 2975 ,
1278 2942 1314 2979 p.
1338 2930 1429 2968 239.
