2086 3528
536 349 613 388 154
914 345 1258 388 HISTORIARUM
1283 344 1467 387 CAROLI
1494 344 1565 381 VII

533 429 650 480 valis
669 427 879 481 exercitii
898 437 947 479 et.
968 428 1175 491 piraticas
1195 427 1305 479 satis
1326 427 1464 492 periti
1482 436 1529 480 et
1559 425 1690 479 docti
1710 442 1811 481 esse
1830 441 1950 483 00⁸1-

533 515 822 560 sueverunt3
851 505 1000 566 unde,
1039 515 1092 553 ut
1127 522 1178 554 se
1210 505 1532 560 incommodis
1553 505 1776 567 diutinae,
1801 520 1948 570 quam

532 586 658 650 passi
690 585 875 635 fuerant
890 620 902 644 ,
942 583 1208 634 obsidionis
1236 593 1377 648 atque
1408 584 1628 650 periculis
1658 583 1957 651 liberarent„

531 662 855 713 strenuissime
878 662 926 715 in
948 661 1128 712 insultu
1149 661 1232 709 illo
1254 671 1398 726 atque
1415 663 1765 728 expugnatione
1787 679 1838 716 se
1858 661 1946 716 ha»

530 738 690 790 buisse
715 737 1013 799 ferebantur,
1040 738 1107 789 illi
1132 739 1334 792 maxime
1363 740 1446 803 qui
1474 740 1674 792 nauticis
1702 738 1949 796 laboribus

531 819 767 868 anteriore
786 829 1003 884 tempore
1016 818 1338 868 indulsissent.
1359 821 1416 870 Et
1426 818 1521 869 hoc
1538 818 1734 883 quidem
1755 818 1947 873 initium

530 898 640 946 satis
676 897 882 945 faustum
921 898 1010 945 fuit
1051 913 1212 947 rerum
1245 914 1273 947 a
1307 895 1501 962 praefato
1538 897 1780 951 Ludovico
1816 895 1946 950 bello

530 985 768 1039 gestarum
802 977 852 1024 in
884 975 1072 1036 hostes3
1107 992 1222 1025 nam
1257 969 1317 1023 de
1348 976 1502 1040 prima
1541 991 1688 1039 quam
1719 975 1947 1029 adversus

529 1067 713 1122 patrem
738 1074 907 1121 guerra
932 1057 1126 1105 molitus
1154 1067 1255 1105 erat
1269 1095 1282 1119 ,
1301 1073 1446 1122 supra
1467 1073 1556 1104 suo
1575 1057 1744 1107 ordine
1767 1065 1815 1106 et
1835 1056 1945 1106 loco

528 1136 792 1183 letulimus.
822 1139 944 1183 Laus
967 1146 1127 1183 tamen
1150 1136 1296 1183 totius
1314 1134 1456 1198 hujus
1484 1133 1594 1182 sacti
1621 1133 1946 1200 principaliter

528 1212 594 1259 illi
616 1213 769 1260 nobili
792 1214 958 1264 comiti
974 1213 1190 1265 Dunensi
1216 1211 1464 1260 reddenda
1484 1221 1583 1273 est,
1612 1211 1748 1275 cujus
1765 1211 1948 1277 sapien-

528 1291 614 1351 tia,
640 1290 841 1338 consilio
877 1301 923 1338 et
947 1292 1249 1353 strenuitate,
1275 1290 1397 1338 sicut
1421 1289 1511 1340 alia
1533 1289 1741 1355 plurima
1761 1289 1946 1354 magni·-

528 1368 638 1427 fice,
667 1370 733 1417 ita
752 1369 848 1418 hoc
870 1379 1112 1436 patratum
1135 1379 1182 1418 et
1197 1377 1585 1420 consummatum
1608 1367 1711 1418 fuit.

984 1547 1327 1594 CAPITULUM
1361 1548 1482 1613 XIX.

595 1658 747 1695 Mittitur
765 1658 896 1709 legatus
914 1658 959 1693 ab
975 1658 1101 1705 Anglia
1117 1658 1155 1692 in
1171 1658 1322 1692 Galliam
1336 1682 1346 1701 ,
1362 1654 1409 1692 ad
1425 1655 1615 1707 petendam
1631 1667 1779 1696 uxorem
1798 1656 1873 1712 regi

888 1718 1086 1765 Anglorum
1101 1717 1256 1752 Henrico
1270 1744 1280 1760 ‚
1298 1716 1371 1752 dux
1387 1715 1576 1753 Suffolciae.

588 1828 711 1873 Cum
734 1826 893 1890 itaque
915 1841 990 1875 res
1013 1823 1275 1888 Anglorum
1293 1823 1343 1873 in
1365 1822 1658 1875 Normannia
1681 1832 1730 1873 et
1746 1821 1944 1877 Francia

524 1903 886 1964 delaberentur,
935 1913 982 1951 et
1024 1906 1321 1953 Francorum
1366 1901 1661 1966 pedetentim
1698 1910 1774 1962 et,
1813 1899 1943 1955 velut

522 1985 732 2050 quadam
755 1985 1018 2045 alluvione,
1047 1983 1168 2034 fines
1205 1993 1348 2048 atque
1386 1983 1643 2048 imperium
1673 1982 1942 2037 incremen-

521 2074 626 2115 tum
647 2063 936 2128 acciperent,
963 2073 1010 2113 et
1039 2062 1102 2113 ad
1139 2078 1294 2114 annos
1319 2077 1472 2125 usque
1505 2060 1659 2125 plenae
1680 2058 1942 2125 pubertatis

520 2144 753 2192 Hem-icus
781 2144 1042 2208 Anglorum
1070 2159 1153 2195 rex
1186 2142 1502 2200 adolevisset,
1537 2141 1807 2204 cogitarunt
1826 2157 1940 2206 pro·-

522 2238 652 2272 ceres
683 2223 887 2286 Angliae,
912 2240 974 2274 ne
995 2238 1198 2286 regnum
1220 2221 1379 2286 ipsum
1400 2219 1610 2282 legitima
1640 2218 1941 2273 successione

519 2310 728 2357 careret,
755 2311 807 2348 ut
822 2300 1077 2364 conjugem
1093 2299 1155 2347 de
1178 2298 1327 2346 domo
1348 2295 1510 2361 aliqua
1525 2295 1692 2347 illustri
1706 2294 1798 2346 sihi
1812 2311 1940 2361 qum-

519 2389 699 2438 rerent3
725 2389 771 2425 et
795 2395 894 2425 non
917 2379 1212 2425 invenientes
1233 2375 1541 2427 illustriorem
1566 2374 1770 2426 domum
1794 2389 1941 2439 quam

519 2473 721 2520 regnum
743 2459 778 2505 F
780 2457 976 2518 rancioe,
1003 2456 1064 2507 de
1080 2455 1248 2504 eadem
1268 2454 1416 2506 domo
1439 2470 1545 2506 eam
1567 2451 1939 2519 perquirendam

520 2535 852 2586 decreverunt.
880 2538 969 2584 Per
999 2534 1135 2600 quod
1156 2534 1520 2583 matrimonium
1553 2548 1661 2598 spes
1695 2531 1841 2584 etiam
1866 2531 1940 2605 {u-

520 2614 688 2663 eundae
710 2623 758 2663 et
779 2612 1142 2662 reconciliandas
1161 2612 1291 2677 pacis
1310 2611 1433 2661 inter
1452 2627 1584 2675 reges
1601 2620 1648 2659 et
1667 2625 1810 2674 regna
1824 2624 1940 2664 con·-

519 2692 614 2757 cipi
648 2701 696 2740 et
731 2691 883 2756 accipi
904 2700 1092 2756 posset;
1128 2689 1305 2741 diutius
1343 2689 1472 2740 enim
1507 2686 1764 2740 inimicitiis
1794 2694 1938 2751 atquo

519 2771 655 2818 bellis
684 2770 927 2835 utriusque
958 2769 1092 2833 regni
1114 2768 1237 2816 vires
1260 2766 1465 2814 multum
1486 2766 1653 2814 attritae
1671 2764 1937 2813 diminutae-

520 2866 614 2913 que
652 2859 806 2897 erant.
849 2851 1010 2913 Longe
1047 2858 1207 2896 tamen
1243 2855 1291 2893 et
1324 2861 1458 2910 paene
1501 2841 1935 2909 incomparabiliter
