2086 3528
705 381 852 423 LIBER
882 388 1125 436 QUARTUS.
1540 390 1617 429 197

203 482 364 516 versos
390 466 605 515 subditos
634 484 689 516 ac
721 467 998 532 foederatos,
1040 471 1089 517 in
1123 469 1298 535 quibus
1332 471 1620 521 nominatim

203 555 304 593 erat
325 544 420 593 dux
444 545 543 611 ipse
568 546 816 593 Britanniae
836 564 893 594 ex
917 558 1117 613 utraque
1136 565 1304 613 regum
1325 560 1460 615 parte
1483 547 1618 599 com-

200 621 509 688 prehensus),
536 622 806 671 adventavit
846 634 995 672 noctu
1030 642 1086 673 ex
1116 625 1292 673 finibus
1316 628 1619 677 Normanniae

197 699 259 748 ad
284 698 561 763 hujusmodi
579 700 831 766 oppidum,
852 712 899 750 et
919 719 1005 767 per
1029 719 1140 751 suos
1163 703 1470 752 inscalatores
1495 706 1619 754 clam

195 785 243 824 et
262 775 445 834 furtim,
476 777 660 825 civibus
684 795 856 826 somno
889 781 1079 846 sopitis,
1112 798 1270 829 arcem
1305 792 1449 847 atque
1480 785 1618 849 oppi-

195 853 312 901 dum
329 854 485 919 ipsum
502 855 717 903 introivit
736 866 785 903 et
806 859 1075 923 occupavit.
1103 859 1248 917 Quod
1271 876 1382 906 cum
1402 861 1619 908 animad-

203 933 446 980 vertissent
483 934 578 981 loci
613 935 762 997 cives,
804 936 966 1001 pavidi
1014 945 1060 984 et
1103 936 1263 985 mente
1301 940 1617 1000 consternati,

123 1029 127 1032 ⁴
193 1009 420 1058 domibus
458 1011 729 1077 opibusque
759 1013 957 1072 relictis,
990 1024 1158 1079 praeter
1191 1014 1241 1062 id
1274 1015 1408 1080 quod
1442 1032 1620 1081 prope-

193 1098 352 1136 ranter
374 1105 543 1154 rapere
566 1106 824 1154 secumque
847 1091 1031 1139 deferre
1052 1092 1335 1153 valuerunt,
1356 1092 1515 1158 plures
1533 1111 1620 1159 per

193 1167 369 1215 moenia
391 1167 585 1232 dilapsi,
613 1167 920 1231 aufugerunt,
956 1169 1074 1231 aliis,
1101 1169 1277 1235 quibus
1296 1170 1374 1218 vel
1396 1172 1521 1219 vires
1547 1171 1621 1218 vel

172 1245 380 1293 ‘animus
404 1245 633 1306 deerant,
662 1247 712 1293 in
734 1248 1015 1314 praedonum
1039 1259 1325 1315 potestatem
1359 1250 1543 1298 traditis
1573 1261 1622 1299 et

193 1322 383 1370 relictis.
412 1324 558 1387 Igitur
595 1323 928 1388 hujuscemodi
963 1326 1222 1391 oppidum,
1267 1337 1382 1374 tunc
1415 1327 1618 1392 opulen—

193 1410 294 1447 tum
317 1411 364 1448 et
387 1402 569 1466 magnis
592 1402 766 1449 divitiis
787 1403 1033 1461 refertum,
1062 1421 1121 1451 eo
1146 1405 1294 1452 modo
1317 1415 1535 1470 captum,
1558 1406 1620 1453 ab

197 1478 399 1543 Anglicis
433 1479 673 1545 direptum
706 1487 775 1527 est
811 1490 955 1544 atque
983 1482 1172 1546 penitus
1195 1483 1244 1529 in
1270 1483 1483 1548 praedam
1507 1501 1620 1530 ver-

196 1573 301 1604 sum
317 1592 330 1618 ‚
359 1566 581 1604 currente
603 1573 732 1605 anno
755 1559 950 1606 Domini
973 1575 1275 1607 mccccxzvm
1292 1562 1320 1607 ¹.

653 1767 997 1813 CAPITULUM
1030 1767 1152 1812 XIII.

263 1895 458 1944 Quomodo
477 1895 595 1947 captio
612 1894 698 1934 dicti
714 1897 841 1946 oppidi
858 1899 1075 1933 Francorum
1091 1895 1166 1945 regi
1184 1905 1218 1932 et
1235 1898 1306 1933 suis
1322 1899 1551 1935 vehementer

511 1958 691 2007 displicuit
707 1985 717 2002 ,
735 1967 768 1994 et
782 1958 827 1994 de
843 1959 1005 2006 captione
1021 1959 1306 1994 Pontis-Archae.

259 2085 377 2140 Quae
409 2080 567 2146 captio
603 2089 651 2127 et
679 2079 858 2145 praeda,
893 2079 1002 2127 licet
1030 2079 1168 2127 initio
1193 2096 1294 2127 non
1320 2096 1519 2146 parvam
1552 2080 1619 2127 eis

195 2159 426 2208 attulisset
465 2157 713 2205 utilitatem
744 2167 887 2222 atque
918 2157 1319 2222 jucunditatem²,
1358 2158 1617 2205 infaustum

194 2249 353 2286 tamen
371 2246 512 2302 atque
531 2235 770 2283 infelicem
789 2236 968 2283 exitum
982 2236 1049 2283 eis
1066 2237 1359 2302 importavit,
1384 2236 1620 2301 quemad-

193 2317 394 2365 modum
428 2317 477 2363 in
510 2315 820 2380 sequentibus
856 2315 1121 2381 apparebit.
1168 2319 1365 2363 Moestus
1401 2315 1619 2380 profecto

192 2412 280 2462 pro
307 2393 587 2459 hujusmodi
614 2394 1010 2459 impraemeditato
1034 2403 1176 2459 atque
1203 2395 1444 2459 insperato
1469 2394 1620 2440 infor-

193 2474 328 2522 tunio
353 2473 439 2520 fuit
462 2473 711 2521 Britanniae
730 2474 848 2535 dux,
882 2484 928 2522 et
954 2474 1151 2521 Carolus
1177 2491 1259 2520 rex
1282 2483 1426 2538 atque
1450 2489 1620 2520 omnes

192 2553 382 2613 Franci,
409 2552 494 2616 qui
521 2551 616 2599 hoc
639 2569 741 2599 non
764 2554 899 2600 aliter
922 2569 1069 2617 quam
1097 2553 1171 2601 sui
1194 2570 1337 2600 causa
1371 2554 1419 2599 in
1451 2553 1619 2615 suique

248 2708 286 2744 1.
314 2709 368 2744 Le
390 2706 441 2742 24
465 2718 567 2743 mars
593 2707 720 2753 1448,
741 2719 779 2744 v.
804 2714 874 2754 st.,
899 2706 1153 2745 c’est-a-dire
1175 2708 1294 2744 1449.

248 2765 287 2803 2.
323 2783 340 2799 «
357 2764 543 2803 Nonnulli
560 2763 661 2802 hanc
682 2765 853 2816 praedam
873 2766 966 2804 tanti
986 2766 1131 2805 valoris
1150 2765 1264 2804 fuisse
1283 2771 1472 2810 asserunt,
1490 2769 1622 2812 erepta

196 2823 371 2876 Fulget-is
404 2824 527 2876 spolia
557 2823 696 2877 viginti
723 2833 878 2863 centum
908 2825 1050 2874 millia,
1076 2838 1171 2863 vera
1201 2824 1451 2862 aestimatione
1468 2851 1479 2870 ‚
1510 2833 1623 2873 posse

196 2884 418 2936 appretiari.
444 2901 460 2918 ι»
491 2882 640 2921 Robert
662 2883 821 2924 Blondel
835 2913 845 2932 ‚
876 2888 1044 2923 Assertio
1061 2886 1324 2934 Normanniae‚
1345 2882 1413 2921 lib.
1429 2886 1468 2932 1,
1490 2896 1524 2920 c.
1541 2896 1569 2921 1.
