2086 3528
730 327 877 364 mnan
901 327 1147 374 QUARTUS.
1575 331 1653 367 213

235 411 436 476 qualiter
457 410 621 458 civitas
643 427 729 459 sua
751 410 1096 476 patrimonium
1117 409 1289 457 Christi
1308 419 1356 457 et
1372 409 1498 459 beati
1528 414 1652 459 Petri

234 489 439 554 apostoli
486 498 586 536 erat
601 523 614 546 ,
655 487 836 536 nullam
882 487 1063 534 eisdem
1111 487 1188 535 vel
1225 490 1519 536 Francorum
1555 490 1655 554 regi

235 565 415 614 factura
436 581 683 631 guerram,
711 575 763 612 ut
794 566 924 631 ipsos
947 564 1009 611 ad
1031 564 1144 612 alias
1173 565 1384 612 civitates
1408 574 1455 613 et
1477 567 1655 632 oppida

234 642 408 691 faceret
421 681 434 704 ,
454 643 492 690 si
512 652 695 709 posset,
724 642 985 702 declinare,
1006 659 1090 690 sua
1106 642 1293 690 civitate
1310 642 1492 690 relicta.
1514 645 1654 708 Atqui

233 736 344 770 cum
369 711 502 769 nullo
525 721 674 769 modo
697 720 871 769 talibus
893 720 1210 785 legationibus
1227 719 1542 782 obaudirent,
1570 723 1654 770 sed

233 797 323 846 nisi
361 797 488 846 illico
523 798 795 846 obedientia
826 798 1104 864 deditioque
1137 798 1332 858 tierent,
1364 815 1413 847 se
1444 816 1531 864 per
1555 801 1653 849 vim

233 876 525 941 ingressuros
552 877 918 943 direpturosque
947 877 1111 924 omnia
1138 877 1436 925 minarentur
1456 916 1468 939 ,
1494 879 1651 944 petiit,

233 954 296 1003 ad
317 971 461 1021 super
482 955 577 1004 hoc
602 956 857 1004 consilium
875 954 1188 1021 capiendum,
1214 954 1430 1003 inducias
1449 956 1654 1004 duarum

233 1030 310 1080 vel
331 1032 478 1080 trium
503 1033 760 1093 horarum3
790 1050 909 1099 quas
927 1049 1168 1089 cuminon
1200 1033 1303 1081 sine
1324 1033 1657 1097 magnaobti-

233 1111 413 1159 nuisset
428 1111 703 1161 difficultate
718 1150 730 1174 ‚
759 1121 1031 1160 convocato
1051 1111 1277 1159 universo
1299 1110 1429 1159 clero
1447 1112 1656 1178 populo-

233 1208 328 1256 que
356 1192 580 1252 civitatis,
601 1209 771 1241 eorum
794 1192 1000 1257 desuper
1022 1191 1248 1256 expetivit
1268 1190 1538 1238 consilium.
1560 1192 1655 1250 Qui

233 1284 343 1316 cum
368 1268 664 1318 deditionem
684 1287 796 1318 cum
817 1271 962 1335 aequis
986 1267 1288 1334 pactionibus
1307 1277 1355 1316 et
1378 1267 1656 1316 melioribus

233 1363 339 1411 quae
357 1346 563 1396 obtineri
578 1359 789 1414 possent,
809 1348 956 1395 ferme
974 1363 1158 1405 omnes,
1180 1346 1430 1412 praesentia
1445 1346 1655 1412 pericula

233 1424 560 1490 inspicientes,
588 1426 856 1475 faciendam
880 1442 937 1474 ex
961 1425 1239 1473 necessitate
1263 1433 1513 1473 censerent
1529 1459 1542 1484 ,
1569 1441 1656 1472 ro-

233 1514 461 1569 gaverunt
474 1521 586 1553 eum
599 1515 652 1553 ut
668 1505 729 1552 ad
746 1505 840 1552 hoc
856 1503 1205 1570 perficiendum
1216 1519 1323 1551 suas
1332 1502 1474 1550 vellet
1487 1518 1656 1568 operas

233 1580 484 1631 salubriter
507 1583 801 1649 impendere.
832 1585 961 1641 Quas
985 1583 1044 1629 ad
1064 1582 1160 1629 hoc
1175 1580 1396 1643 libenter,
1419 1598 1509 1646 pro
1525 1598 1657 1629 com-

233 1661 369 1708 muni
393 1662 612 1709 omnium
638 1661 810 1722 salute,
839 1661 1115 1726 impartiens
1131 1697 1142 1719 ,
1171 1659 1416 1725 conceptis
1438 1659 1656 1724 capitulis

235 1741 517 1806 opportunis
534 1779 546 1803 ‚
567 1757 672 1806 quae
687 1750 733 1789 et
750 1756 919 1788 omnes
935 1749 982 1787 et
994 1739 1207 1803 singulos
1226 1747 1375 1786 status
1393 1753 1655 1785 concerne-

234 1828 341 1866 rent
376 1829 475 1867 tam
497 1820 611 1867 cleri
647 1836 791 1884 quam
814 1819 982 1884 populi
1015 1827 1062 1866 et
1086 1818 1232 1865 totius
1255 1815 1515 1864 nobilitatis
1537 1815 1655 1863 dioe-

234 1898 375 1956 cesis,
402 1908 449 1946 et
471 1898 651 1946 eisdem
685 1897 774 1945 sub
802 1897 896 1944 fide
922 1898 1051 1961 regia
1081 1896 1303 1962 pollicitis
1343 1905 1391 1943 et
1422 1895 1658 1942 concessis

234 1974 295 2023 ab
317 1975 384 2022 eis
410 1976 492 2039 qui
512 1976 640 2023 vices
659 1978 954 2023 Francorum
982 1974 1104 2038 regis
1128 1972 1378 2038 gerebant,
1406 1971 1656 2019 sufficienti

234 2061 280 2099 et
302 2052 458 2099 valida
486 2052 547 2100 ad
566 2052 663 2099 hoc
685 2061 918 2117 potestate
942 2050 1149 2098 suffultis
1169 2087 1181 2111 ,
1215 2049 1511 2097 deditionem
1540 2048 1659 2096 civi-

233 2130 339 2178 tatis
365 2147 420 2179 ex
437 2131 683 2179 communi
710 2130 928 2177 omnium
952 2129 1200 2176 voluntate
1224 2127 1347 2175 fecit.
1379 2130 1430 2173 In
1453 2142 1547 2191 qua
1567 2142 1658 2172 nec

233 2216 439 2254 exsortes
461 2207 551 2272 ipsi
576 2206 754 2270 Anglici
778 2206 922 2253 etiam
957 2203 1178 2251 beneficii
1200 2202 1351 2250 relicti
1375 2211 1511 2262 sunt;
1539 2201 1656 2265 quin

234 2283 334 2330 imo
365 2284 543 2331 eisdem
569 2284 718 2349 pactis
741 2294 788 2331 et
813 2282 1175 2330 conditionibus
1193 2319 1205 2343 ,
1234 2281 1409 2346 quibus
1433 2290 1482 2328 et
1505 2281 1659 2328 caeteri

234 2361 466 2426 patriotae,
482 2378 568 2427 per
580 2362 743 2409 omnia
756 2361 897 2426 potiti
913 2371 1048 2420 sunt3
1071 2360 1182 2407 data
1199 2360 1341 2406 etiam
1356 2358 1423 2406 eis
1438 2367 1484 2406 et
1496 2357 1660 2404 relicta

235 2439 449 2503 optione,
471 2450 540 2501 ut,
567 2441 604 2487 si
628 2439 716 2488 sub
739 2444 1036 2488 Francorum
1059 2440 1183 2503 regis
1207 2439 1388 2487 ditione
1413 2453 1660 2485 remanere

235 2525 282 2563 et
303 2515 540 2563 fidelitatis
559 2517 890 2580 juramentum
913 2527 1137 2583 praestare
1159 2516 1338 2564 vellent
1352 2554 1363 2576 ,
1387 2515 1484 2562 suis
1501 2512 1658 2560 mobi-

236 2591 359 2639 libus
381 2602 525 2657 atque
548 2594 875 2642 immobilibus
896 2595 1159 2658 gauderent
1179 2593 1409 2661 plenarie,
1430 2590 1661 2655 quemad-

239 2669 440 2717 modum
472 2679 583 2717 ante
615 2670 874 2732 faciebant3
902 2674 973 2719 sin
997 2689 1112 2719 vero
1145 2672 1208 2720 ad
1231 2688 1344 2718 suos
1363 2668 1659 2716 contribulos

241 2747 412 2810 Anglos
434 2758 481 2794 et
504 2766 671 2796 eorum
695 2749 1016 2799 obedientiam
1038 2751 1240 2799 transire
1258 2748 1460 2808 vellent,
1480 2746 1530 2792 id
1553 2748 1660 2810 qui-

239 2823 349 2872 dem
372 2836 568 2890 possent
592 2826 759 2887 libere,
786 2837 833 2874 et
855 2827 938 2875 illo
965 2828 1202 2875 advehere
1224 2842 1308 2874 sua
1329 2825 1476 2883 bona,
1503 2833 1602 2878 aut,
1622 2825 1660 2872 si
