2086 3528
736 370 883 407 LIBER
909 369 1180 409 SECUNDUS.
1626 372 1677 410 69

255 454 346 503 sibi
368 463 413 502 et
432 453 634 502 obsessis
656 453 838 518 totique
860 470 1011 518 regno
1035 454 1286 502 imminere
1301 454 1612 502 incommoda
1631 465 1680 502 et

186 539 198 551 ⁸
255 532 542 582 calamitates
561 532 758 580 minime
781 531 1102 581 addubitaret.

743 744 1083 791 CAPITULUM
1118 745 1177 789 X.

293 873 450 920 Qualiter
467 886 530 910 rex
546 874 704 909 Puellam
724 874 746 909 J
748 886 903 909 cannam
921 873 968 908 ad
986 873 1204 920 colloquium
1222 872 1364 908 admisit
1376 899 1386 918 ,
1402 881 1437 908 et
1455 885 1532 909 eam
1548 875 1656 909 armis
1674 917 1676 920 Ι

764 943 869 983 atque
884 934 982 982 equis
998 933 1174 970 instruxit.

321 1061 468 1126 Igitur
481 1077 592 1108 cum
611 1059 724 1108 talia
745 1076 1055 1126 perseverans
1077 1058 1406 1106 indesinenter
1428 1060 1682 1125 ingereret,

257 1149 304 1188 et
335 1139 396 1188 de
448 1139 733 1187 liberatione
767 1138 970 1186 civitatis
1006 1137 1355 1186 Aurelianensis
1385 1137 1686 1202 obsessisque

256 1217 589 1266 subveniendo
609 1217 741 1264 nulla
759 1233 884 1282 spes,
908 1215 993 1263 sed
1014 1216 1174 1282 potius
1198 1216 1328 1281 apud
1348 1232 1518 1262 omnes
1538 1215 1686 1263 ferme

256 1312 445 1344 summa
476 1296 747 1361 desperatio
779 1294 1054 1355 haberetur,
1082 1293 1142 1341 ab
1171 1293 1254 1340 illo
1277 1297 1489 1352 Joanne,
1517 1293 1688 1340 illustri

256 1374 434 1422 comite
462 1374 703 1434 Dunensi,
739 1389 886 1438 quem
914 1373 1180 1421 naturalem
1212 1373 1355 1420 fuisse
1378 1370 1528 1418 filium
1551 1371 1688 1419 ducis

257 1452 607 1500 Aurelianensis
630 1488 642 1512 ,
684 1451 871 1499 Parisiis
906 1452 1168 1516 perempti,
1221 1466 1366 1516 supra
1410 1449 1685 1510 retulimus,

257 1529 601 1595 nonnullisque
620 1529 739 1590 aliis,
766 1529 849 1593 qui
871 1529 997 1576 circa
1019 1546 1182 1592 regem
1207 1537 1369 1588 erant,
1396 1526 1566 1574 datum
1590 1526 1688 1590 regi

257 1607 517 1667 consilium
552 1607 665 1669 fuit,
708 1605 1122 1671 quemadmodum
1162 1607 1212 1653 in
1248 1605 1391 1653 rebus
1427 1604 1690 1670 desperatis

258 1685 518 1752 aliquando
549 1685 652 1734 fieri
679 1684 875 1746 assolet,
907 1685 1042 1749 quod
1077 1685 1254 1732 dictam
1289 1686 1528 1731 Joannam
1550 1683 1688 1730 Puel-

258 1769 356 1816 lam
386 1766 552 1814 audire
582 1764 779 1813 deberet
811 1774 857 1812 et
888 1781 946 1812 ex
976 1764 1054 1811 his
1081 1781 1187 1830 quae
1217 1780 1304 1830 per
1337 1779 1445 1811 eam
1477 1762 1687 1823 audiret,

258 1844 521 1912 prudenter
545 1842 926 1892 animadvertere
949 1852 1093 1907 atque
1122 1843 1372 1908 explorare
1401 1858 1462 1888 an
1487 1840 1692 1888 dicenda

259 1940 347 1990 per
377 1939 513 1984 eam,
551 1921 682 1970 velut
703 1921 918 1969 humana
955 1920 1210 1985 figmenta,
1256 1918 1584 1986 repudianda,
1617 1918 1694 1966 vel

261 2001 420 2067 potius
445 1999 617 2048 divinae
641 1998 839 2063 alicujus
867 1998 1214 2046 admonitionis
1246 2014 1331 2045 seu
1359 1996 1695 2063 praeceptionis

261 2077 487 2126 habentia
516 2078 753 2125 rationem
772 2115 784 2138 ‚
819 2076 1064 2124 humiliter
1097 2075 1373 2141 recipienda
1404 2084 1452 2122 et
1482 2073 1694 2138 amplec-

264 2156 406 2205 tenda
423 2156 597 2203 forent.
626 2158 807 2203 Eorum
837 2164 998 2202 autem
1029 2154 1231 2202 consilio
1263 2170 1344 2201 rex
1377 2151 1697 2216 instantiaque

265 2235 506 2296 devictus,
541 2233 684 2281 simul
717 2243 765 2281 et
796 2250 957 2280 rerum
996 2243 1114 2280 tunc
1150 2231 1456 2298 praesentium
1487 2230 1698 2295 quadam
1752 2272 1759 2279 .

267 2314 395 2362 velut
408 2312 644 2361 adductus
667 2312 1020 2378 desperatione,
1038 2309 1450 2376 adquiescendum
1467 2308 1695 2364 decrevit,

267 2401 315 2439 et
341 2394 580 2439 Joannam
595 2390 810 2439 Puellam
833 2389 894 2438 ad
913 2407 963 2437 se
985 2389 1205 2437 accersiri
1228 2389 1355 2436 fecit.

334 2470 541 2517 Veniens
573 2469 716 2533 igitur
748 2469 811 2517 ad
846 2478 1164 2534 conspectum
1197 2467 1320 2530 regis
1353 2465 1457 2531 ipsa
1483 2466 1697 2522 Joanna,

271 2547 467 2594 remotis
483 2546 691 2608 arbitris,
718 2547 820 2594 sola
838 2564 951 2594 cum
973 2563 1082 2611 rege
1100 2546 1225 2593 ultra
1241 2545 1448 2592 duarum
1468 2541 1701 2589 horarum

272 2625 480 2691 spatium
511 2624 809 2689 colloquium
831 2624 1018 2672 habuit.
1059 2625 1183 2683 Qui,
1218 2622 1392 2670 auditis
1414 2637 1519 2686 quae
1548 2619 1707 2666 dicere

273 2702 443 2762 voluit,
476 2718 619 2767 super
648 2702 809 2750 multis
831 2702 894 2750 ad
918 2719 1021 2749 rem
1052 2701 1113 2749 de
1145 2717 1240 2766 qua
1271 2716 1384 2747 eum
1412 2694 1709 2746 admonebat

276 2779 587 2828 attinentibus
609 2768 1177 2846 etiam'interrogationes
1207 2790 1351 2845 atque
1375 2776 1713 2842 inquisitiones

280 2857 406 2905 fecit.
432 2858 578 2922 Cujus
604 2859 844 2923 responsis
874 2859 1110 2924 dictisque
1142 2856 1514 2916 animadversis,
1546 2853 1716 2918 signis-
