2086 3528
535 398 586 435 94
925 393 1271 433 HISTORJARUM
1298 392 1482 433 CAROLI
1517 397 1584 433 VII

535 478 830 527 deditionem
870 475 1076 540 adigere.
1126 477 1196 524 Ad
1230 478 1363 543 quod
1397 496 1509 526 cum
1542 478 1757 544 plurium
1802 490 1957 531 anno-

532 574 641 603 rum
666 556 872 602 decursu
893 552 1238 616 intendissent,
1271 573 1430 622 neque
1465 549 1772 622 obsidiones,
1799 575 1959 627 neque

533 634 758 680 militares
801 632 1034 679 exercitus
1073 633 1122 679 in
1161 634 1329 682 castris
1355 644 1598 695 tenentes,
1649 635 1733 684 sed
1773 653 1833 685 ex
1869 654 1958 705 op-

523 711 655 777 pidis
678 721 725 758 et
747 712 912 758 castris
943 727 1072 775 quae,
1097 728 1180 759 seu
1204 728 1291 777 per
1312 713 1600 762 tradimenta
1615 752 1627 775 ,
1652 731 1737 763 seu
1763 733 1852 782 per
1883 717 1958 766 in·

531 789 674 837 sidias
699 805 755 837 ac
784 798 1046 836 nocturnas
1076 799 1158 836 aut
1181 789 1376 838 furtivas
1397 791 1731 841 inscalationes
1749 831 1761 855 ,
1794 794 1958 860 acqui-

530 883 635 914 rere
650 876 890 933 poterant,
916 866 1357 933 agrosspopulantes
1380 878 1426 915 et
1449 869 1618 918 itinera
1637 871 1852 937 undique
1874 872 1961 921 ob-.
2035 891 2039 897 ·

530 945 754 1005 sidentes,
781 961 868 1010 per
891 961 997 1008 quae
1021 962 1216 993 annona
1237 945 1300 993 ad
1319 947 1560 1011 praefatam
1586 947 1756 996 urbem
1781 949 1958 999 adduci

529 1024 778 1089 potuisset,
794 1023 946 1088 ipsam
963 1023 1026 1070 ad
1045 1039 1270 1086 magnam
1288 1041 1450 1071 rerum
1469 1026 1688 1074 omnium
1703 1028 1957 1093 penuriam

529 1111 578 1149 et
602 1102 838 1149 caristiam
873 1101 1232 1167 perduxerunt3
1268 1103 1333 1149 ita
1361 1112 1414 1149 ut
1441 1104 1567 1150 cives
1593 1105 1800 1169 pretiosa
1820 1121 1957 1172 quae-

530 1196 624 1244 que
646 1197 736 1245 pro
760 1195 910 1245 pane,
947 1189 1233 1245 perurgente
1255 1179 1380 1227 fame
1396 1217 1408 1241 ,
1434 1179 1697 1230 distrahere
1724 1198 1957 1255 cogeren—

530 1268 621 1305 tur.
650 1261 756 1306 Non
780 1258 907 1304 enirn
933 1275 1017 1322 per
1041 1257 1200 1323 plures
1231 1275 1385 1306 annos
1411 1260 1657 1308 annonam
1683 1259 1950 1326 habebant,

528 1337 620 1383 nisi
648 1353 753 1400 quae
777 1353 835 1383 ex
865 1337 1161 1383 Normannia
1190 1336 1256 1384 eis
1281 1337 1617 1398 adduceretur,
1655 1347 1703 1386 et
1736 1339 1956 1406 frequen-

529 1416 620 1462 tius
652 1415 841 1478 navigio
871 1430 957 1479 per
979 1414 1159 1461 flumen
1191 1414 1350 1479 (quod
1373 1432 1463 1462 nec
1492 1416 1597 1463 fieri
1621 1426 1837 1481 poterat,
1865 1419 1956 1467 nisi

527 1510 639 1539 cum
676 1509 849 1556 magna
893 1501 1189 1539 armatorum
1232 1492 1569 1557 multitudine)
1617 1494 1951 1544 deduceretur.

527 1573 643 1627 Quae
668 1571 886 1635 impensa
907 1570 1158 1617 conductae
1180 1587 1425 1618 annonam
1448 1572 1600 1636 ipsam
1622 1573 1776 1621 multo
1799 1577 1956 1623 cario-

526 1664 627 1694 rem
653 1647 907 1695 efficiebat.
926 1647 1246 1712 Contingebat
1267 1649 1411 1695 etiarn
1426 1649 1668 1697 interdum
1691 1661 1768 1713 ut,
1793 1653 1956 1701 incur-

525 1726 741 1773 santibus
763 1736 810 1773 et
828 1725 1162 1774 insidiantibus
1179 1727 1393 1787 Francis,
1420 1728 1657 1793 quidquid
1681 1729 1956 1780 adveheba-

524 1814 601 1852 tur
630 1814 895 1870 raperetur,
937 1805 1285 1853 mercatoribus
1317 1815 1365 1854 et
1398 1807 1778 1857 conductoribus
1805 1811 1954 1877 captis

521 1899 605 1931 seu
635 1883 910 1949 peremptis.
953 1882 1071 1930 Inde
1103 1893 1263 1931 autem
1297 1895 1610 1934 consecutum
1645 1895 1715 1934 est
1747 1897 1801 1935 ut
1838 1887 1952 1937 urbs

520 1961 625 2021 illa,
664 1961 870 2008 maxima
904 1960 1199 2026 populorum
1232 1961 1498 2027 frequentia
1524 1980 1580 2012 ac
1607 1965 1951 2015 numerositate

520 2040 660 2086 solita
684 2056 786 2087 esse
824 2039 1020 2099 referta,
1056 2040 1221 2106 inopia
1244 2051 1290 2089 et
1326 2042 1467 2089 variis
1504 2042 1852 2093 calamitatibus
1881 2055 1951 2094 at-

520 2133 614 2182 que
631 2117 924 2182 pestilentiis,
947 2115 1130 2163 civibus
1147 2118 1320 2182 partim
1341 2118 1624 2185 absumptis,
1641 2121 1813 2186 partim
1829 2138 1951 2189 quo—

520 2213 618 2260 quo
636 2212 797 2242 versus
813 2195 972 2242 effusis
987 2205 1129 2260 atque
1146 2195 1385 2262 dispersis,
1402 2196 1751 2247 habitatoribus
1762 2200 1949 2269 ¹majore

519 2290 575 2321 ex
616 2283 751 2338 parte
788 2284 1073 2321 vacuaretur
1110 2284 1156 2321 et
1187 2274 1476 2335 nudaretur3
1520 2276 1585 2324 ita
1624 2286 1678 2324 ut
1713 2277 1814 2343 ejus
1849 2278 1949 2344 pla-

520 2361 621 2413 teae,
647 2352 764 2399 raris
788 2368 867 2398 eas
891 2351 1208 2412 calcantibus,
1227 2352 1512 2418 plerumque
1535 2353 1698 2402 herbis
1714 2365 1761 2402 et
1779 2357 1949 2419 grami-

518 2430 660 2478 nibus
682 2429 944 2477 virentibus
974 2429 1310 2495 implerentur;
1339 2440 1385 2478 et
1410 2431 1511 2495 jam
1542 2441 1669 2480 certe
1694 2449 1795 2481 non
1826 2443 1947 2484 esset

517 2510 561 2557 ei
597 2508 776 2574 species
806 2524 961 2572 neque
988 2507 1159 2570 decor,
1194 2525 1298 2572 quae
1333 2508 1583 2573 quondam
1618 2510 1742 2559 inter
1777 2527 1946 2560 omnes

517 2586 762 2633 christiani
794 2585 923 2631 orbis
956 2585 1169 2632 civitates
1212 2585 1560 2649 speciosissima
1591 2597 1734 2652 atque
1766 2587 1945 2636 floren-

517 2665 696 2712 tissima
720 2663 976 2711 ferebatur.

581 2745 704 2789 Cum
734 2751 894 2790 autem
923 2741 987 2788 ita
1022 2740 1221 2806 [bellum
1252 2741 1538 2809 proferrent]
1570 2743 1876 2809 sine'proeliis
1897 2754 1944 2792 et

516 2819 798 2868 exercitibus
818 2829 958 2883 atque
975 2818 1147 2866 ordine
1164 2819 1373 2880 militari,
1397 2821 1630 2870 vastando
1649 2837 1806 2887 agros,
1826 2821 1942 2870 diri-

515 2899 694 2963 piendo
725 2898 936 2946 civitates
959 2898 1034 2946 vel
1058 2897 1238 2964 oppida
1271 2916 1376 2963 quae
1407 2896 1789 2965 proditionibus,
1818 2899 1941 2948 dolis
