2086 3528
454 333 530 370 324
836 333 1179 372 HISTORIARUM
1209 334 1391 373 CAROLI
1422 336 1495 373 Vn

447 415 752 480 proposuisse
771 414 905 478 quod
922 451 935 472 ,
960 431 1103 461 suasu
1125 424 1171 462 et
1191 416 1240 462 in
1263 415 1475 464 favorem
1502 418 1732 465 Ludovici
1761 419 1870 466 Del-

446 492 607 557 phini,
642 491 856 554 degentis
897 499 1013 537 tunc
1052 491 1182 555 apud
1227 493 1624 557 Burgundionum
1665 494 1864 558 ducem,

450 569 627 616 dictam
651 568 954 615 molitionem
974 567 1194 615 secisset¹.

513 648 804 709 Quanquam
827 655 985 692 autem
1007 645 1055 692 in
1078 645 1357 709 capitalibus
1380 649 1532 711 poenis
1554 649 1870 714 exsequendis

446 724 840 771 clementissimus
879 733 1021 783 esset,
1066 733 1223 770 tamen
1264 724 1326 771 ad
1366 725 1641 789 pellendum
1677 727 1738 774 de
1772 727 1869 774 suis

444 802 711 849 honoribus
730 818 851 865 quos
871 801 918 847 in
946 801 1207 848 domestica
1231 801 1540 851 familiaritate
1561 804 1863 865 sublimabat,

445 888 491 925 et
520 896 609 944 pro
632 889 849 943 tempore
877 877 1005 924 velut
1033 878 1210 924 caeteris
1231 879 1482 942 primiores
1512 891 1654 944 atque
1678 882 1865 947 praecel-

445 957 670 1004 lentiores
694 956 822 1021 apud
847 973 897 1003 se
928 954 1163 1002 habuerat
1181 993 1192 1014 ‚
1218 957 1328 1003 satis
1367 956 1512 1004 facilis
1547 967 1664 1005 erat.
1690 960 1865 1007 Multos

439 1036 568 1082 enim
588 1073 599 1094 ,
626 1051 738 1082 cum
772 1035 1014 1098 aliquanto
1048 1042 1263 1098 tempore
1293 1050 1404 1098 erga
1432 1052 1482 1082 se
1507 1036 1716 1083 maximo
1751 1037 1860 1085 loco

442 1112 595 1160 habiti
628 1112 849 1172 fuissem,
887 1127 914 1158 a
947 1127 1035 1158 suo
1067 1110 1223 1174 abegit
1258 1113 1500 1159 consortio
1533 1123 1579 1160 et
1607 1113 1859 1174 comitatu,

443 1189 527 1236 sed
561 1190 624 1236 ita
661 1197 908 1236 mansuete
943 1204 1033 1234 nec
1076 1189 1284 1235 severius
1329 1205 1475 1253 quam
1516 1189 1679 1254 quod,
1725 1190 1863 1238 salvis

442 1266 584 1314 bonis
603 1267 724 1326 suis,
750 1266 972 1332 proprios
988 1265 1108 1313 lares
1128 1276 1412 1331 repeterent.

504 1344 635 1391 Fidei
657 1360 711 1391 ac
737 1343 1083 1408 promissorum
1108 1344 1434 1390 tenacissimus
1467 1343 1579 1403 suit,
1607 1344 1671 1392 ita
1694 1345 1858 1409 quod,

437 1424 476 1469 si
507 1423 610 1479 cui,
644 1421 818 1468 infimae
853 1421 993 1468 sortis
1030 1421 1173 1468 etiam
1208 1421 1418 1482 homini,
1450 1422 1715 1487 quidquam
1749 1439 1860 1470 eum

437 1498 639 1563 simplici
685 1497 833 1545 verbo
870 1498 1143 1563 promisisse
1177 1497 1346 1562 aliquis
1384 1508 1664 1558 testaretur,
1703 1500 1861 1547 statim

440 1577 569 1623 velut
592 1592 620 1623 a
643 1593 692 1623 se
711 1575 999 1641 promissum
1019 1575 1197 1622 exsolvi
1221 1585 1363 1640 atque
1381 1576 1568 1641 impleri
1591 1577 1857 1625 mandaret.

440 1653 708 1700 Officiarios
728 1653 859 1716 regni
890 1652 961 1698 sui
997 1653 1091 1699 suis
1114 1652 1284 1699 officiis
1306 1654 1512 1714 moveri,
1550 1654 1640 1701 nisi
1663 1654 1784 1702 forte
1806 1665 1859 1702 ut

440 1730 502 1777 ad
525 1730 693 1777 altiora
716 1729 1095 1793 proveherentur
1112 1767 1124 1790 ,
1150 1730 1387 1776 rarissime
1409 1739 1551 1794 atque
1585 1731 1860 1796 parcissime

436 1808 682 1866 sustinuit,
708 1817 754 1854 et
788 1807 878 1854 nisi
903 1817 1101 1872 propter
1124 1807 1362 1855 evidentia
1392 1808 1592 1856 crimina
1620 1819 1702 1856 aut
1726 1809 1877 1858 defe-.

439 1895 561 1944 ctuS,
583 1885 812 1950 permissa
835 1885 900 1931 eis
925 1885 1065 1931 etiam
1089 1885 1246 1932 omnis
1270 1885 1558 1933 defensionis
1579 1887 1734 1951 copia,
1758 1887 1859 1934 sine

439 1979 535 2027 qua
570 1979 818 2027 nunquam
853 1962 1060 2026 aliquem
1105 1961 1264 2009 officio
1299 1963 1525 2010 destituit.
1565 1964 1700 2011 Unde
1734 1965 1857 2011 miro

438 2040 585 2087 modo
610 2040 668 2088 ab
692 2040 930 2087 officiariis
955 2041 1085 2104 regni
1106 2039 1277 2087 charus
1297 2040 1582 2088 habebatur.

869 2206 1209 2251 CAPITULUM
1244 2208 1324 2251 XX
1334 2208 1408 2252 VI.

682 2320 726 2354 In
742 2319 868 2366 quibus
884 2320 1032 2354 Carolus
1049 2332 1110 2354 rex
1127 2320 1254 2367 injuste
1268 2319 1427 2355 subditos
1442 2321 1611 2368 gravavit.

505 2420 651 2480 Quod
683 2437 797 2468 vero
834 2420 959 2483 juste
994 2421 1154 2484 negari
1189 2437 1288 2467 non
1323 2430 1500 2485 potest,
1537 2423 1585 2470 in
1614 2424 1855 2488 exigendis

437 2498 744 2563 vectigalibus
767 2508 813 2545 et
836 2497 1023 2544 tributis
1045 2513 1072 2544 a
1099 2497 1293 2561 plebeiis
1316 2507 1363 2544 et
1385 2499 1698 2564 popularibus
1722 2504 1854 2565 regni

438 2579 536 2637 sui,
578 2577 781 2623 maxime
814 2585 1092 2639 postquam,
1129 2591 1155 2620 e
1190 2576 1483 2623 Normannia
1521 2587 1565 2624 et
1602 2579 1854 2643 Aquitania

436 2655 581 2720 pulsis
604 2654 832 2717 Anglicis,
862 2662 1016 2699 totum
1054 2668 1254 2716 regnum
1292 2653 1488 2717 pacifice
1521 2665 1567 2702 et
1599 2657 1852 2721 tranquille

487 2782 526 2818 1.
557 2778 803 2831 Paragraphe
827 2776 1009 2816 intercale
1034 2775 1129 2815 dans
1155 2776 1210 2814 les
1236 2779 1400 2815 Annales
1419 2780 1610 2817 Flandriae
1635 2779 1684 2819 de
1701 2782 1853 2830 Meyer,

433 2838 459 2876 1.
482 2840 584 2878 XVI.
