2086 3528
537 351 612 388 192
916 349 1257 388 HISTORIARUM
1284 351 1465 390 CAROLI
1492 353 1562 390 vn

533 432 739 499 partium
764 431 812 478 in
837 431 1094 494 Anglicano
1112 432 1592 494 consilio„unihodie
1613 435 1860 501 provincia
1873 452 1951 486 re·

535 511 718 577 genda,
751 509 887 557 alteri
923 525 1038 557 vero
1076 510 1127 556 in
1163 511 1369 558 crastino
1399 513 1634 560 committi
1671 512 1953 563 alternando

534 589 726 637 decreta
748 586 1041 634 obtineretur
1059 624 1071 645 ‚
1098 597 1145 635 et
1179 604 1279 635 uno
1311 587 1387 635 die
1414 589 1655 654 publicata
1688 592 1739 637 in
1771 590 1954 640 Rotho-

534 683 675 731 mago
712 665 849 730 (quae
878 675 949 712 est
980 665 1260 731 metropolis
1292 667 1583 732 provinciae)
1615 668 1956 716 commissione

532 761 623 810 pro
646 760 771 801 uno,
800 743 948 791 altero
973 742 1051 790 die
1081 743 1271 790 alterius
1295 759 1427 807 aeque
1454 745 1754 807 commissio,
1794 746 1957 811 priore

534 821 760 883 abrogata
776 856 788 880 ,
813 820 1052 885 praeconia
1073 836 1191 867 voce
1222 820 1563 885 publicaretur.
1594 825 1648 869 In
1676 822 1956 886 hujusmodi

534 898 792 946 certamine
826 897 1041 962 superior
1073 907 1232 944 tamen
1268 898 1441 944 mansit
1467 898 1661 946 tandem
1687 899 1783 946 dux
1811 901 1954 947 Sum-

533 976 748 1034 merseti,
775 984 822 1021 et
845 991 957 1022 cum
992 990 1167 1037 magno
1200 984 1427 1039 apparatu
1460 975 1714 1040 multisque
1750 975 1954 1041 opibus,

533 1054 807 1100 transmisso
833 1052 976 1112 freto,
1010 1053 1059 1098 in
1089 1052 1388 1117 provinciam
1420 1053 1548 1099 venit
1575 1053 1664 1100 sibi
1694 1053 1953 1102 decretam.

534 1133 644 1177 Erat
668 1130 795 1176 enim
819 1130 921 1176 auri
943 1139 991 1175 et
1014 1128 1195 1191 argenti
1221 1128 1641 1194 locupletissimus,
1667 1139 1722 1176 ut
1743 1140 1856 1195 pote
1877 1132 1956 1178 cui

534 1210 767 1257 successio
794 1209 1039 1257 bonorum
1065 1210 1175 1273 jure
1204 1210 1518 1274 proximitatis
1554 1209 1827 1259 obvenisset
1852 1228 1957 1260 car-

534 1286 705 1333 dinalis
714 1286 1077 1346 Vintoniensis1‚
1093 1286 1177 1350 qui
1191 1287 1408 1332 omnium
1421 1287 1517 1333 fere
1535 1286 1665 1334 orbis
1677 1288 1822 1334 totius
1837 1287 1958 1335 chri—

534 1364 828 1423 stianorum,
862 1373 1079 1429 tempore
1114 1380 1200 1410 suo
1238 1364 1641 1429 locupletissimus
1671 1365 1953 1414 habebatur.

600 1441 793 1506 Apputit
820 1450 979 1488 autem
1009 1441 1070 1487 ad
1098 1440 1257 1488 littora
1284 1442 1587 1491 Normanniae
1614 1441 1877 1500 inferioris,
1906 1443 1956 1490 in

534 1518 772 1566 territorio
800 1517 1151 1565 Constantiensi
1172 1555 1183 1577 ,
1220 1528 1265 1565 et
1296 1518 1409 1565 inde
1442 1510 1740 1583 provinciam
1767 1519 1958 1585 perlus-

534 1606 693 1656 trans,
733 1612 819 1659 per
855 1594 1124 1642 Cadomum
1164 1605 1211 1642 et
1250 1596 1477 1642 Lexovias
1523 1596 1655 1642 venit
1694 1596 1956 1644 Rothoma-

535 1689 672 1736 gum,
706 1672 1021 1737 principalem
1055 1673 1202 1719 totius
1237 1673 1495 1738 provinciae
1533 1673 1730 1733 urbem,
1770 1675 1820 1721 in
1863 1690 1959 1739 qua

535 1749 699 1797 sedem
724 1758 771 1796 et
799 1749 1099 1795 mansionem
1123 1749 1212 1796 sibi
1236 1750 1497 1796 constituit.
1533 1753 1643 1798 Erat
1673 1751 1774 1815 ipse
1802 1752 1958 1816 specie

535 1826 764 1887 decorus,
807 1827 954 1873 aetatis
988 1843 1140 1892 prope
1174 1837 1277 1874 tum
1311 1827 1654 1892 quinquaginta
1683 1843 1955 1889 annorum,

534 1904 645 1950 satis
667 1903 818 1950 civilis
836 1913 882 1950 et
904 1903 1140 1968 benignus
1164 1914 1305 1968 atque
1326 1904 1585 1965 humanus,
1611 1905 1858 1952 communi
1878 1921 1961 1970 pa-

534 1981 632 2028 triae
665 1981 858 2044 justitiae
893 1982 1004 2028 satis
1042 1982 1236 2028 affectus
1277 1991 1324 2028 et
1354 1983 1590 2043 intentus;
1627 1982 1711 2030 sed
1742 1972 1957 2048 profecto

534 2075 646 2106 cum
668 2078 691 2103 «
716 2059 910 2106 avaritia
938 2079 961 2102 »
989 2069 1041 2105 ut
1063 2059 1257 2123 Crispus
1279 2060 1373 2120 ait,
1399 2080 1421 2102 <c
1449 2076 1638 2124 semper
1660 2060 1719 2106 sit
1741 2059 1953 2122 infinita,

534 2151 723 2199 semper
751 2134 1029 2182 insatiabilis
1053 2144 1100 2182 et
1122 2151 1278 2199 neque
1300 2136 1438 2200 copia
1458 2174 1470 2197 ,
1501 2152 1658 2200 neque
1683 2136 1847 2201 inopia
1869 2137 1958 2183 mi-

533 2222 728 2272 nuatur,
757 2231 779 2256 »
804 2214 975 2259 vitium
998 2212 1095 2259 hoc
1124 2212 1327 2258 nimium
1356 2213 1405 2258 in
1431 2212 1531 2276 ejus
1553 2213 1715 2259 animo
1738 2213 1960 2262 domina-

533 2299 637 2336 tum
661 2289 842 2336 habens
870 2290 1011 2354 (esto,
1030 2298 1084 2336 ut
1103 2288 1326 2355 diximus,
1343 2306 1492 2354 opum
1516 2299 1638 2336 esset
1659 2289 1956 2354 ditissimus),

534 2375 722 2414 caeteras
751 2383 919 2413 omnes
938 2367 1109 2431 gratias
1127 2376 1173 2413 et
1188 2366 1387 2413 virtutes
1399 2404 1411 2428 ,
1429 2383 1534 2431 quae
1556 2375 1816 2431 utcumque
1832 2366 1880 2413 in
1899 2383 1958 2414 eo

536 2444 744 2491 eminere
765 2443 1069 2502 videbantur,
1095 2443 1424 2505 labefactavit,
1451 2445 1705 2510 ipsumque
1727 2443 1789 2492 ad
1812 2453 1960 2492 extre-

534 2539 664 2570 mam
703 2539 837 2588 paene
877 2522 1047 2585 dejecit
1081 2522 1339 2569 miseriam.
1368 2525 1487 2569 Nam
1518 2540 1630 2570 cum
1661 2523 1752 2585 his,
1787 2521 1959 2586 quibus

535 2603 887 2651 affluentissime
923 2601 1225 2663 abundabat,
1261 2601 1434 2667 opibus
1458 2603 1655 2649 minime
1677 2610 1954 2661 contentus,

534 2681 783 2748 cupiditati
803 2679 1014 2729 habendi
1038 2679 1237 2728 modum
1257 2695 1437 2746 ponere
1457 2689 1601 2746 atque
1626 2688 1831 2727 statuere
1854 2694 1958 2727 nes-

590 2839 608 2874 1
620 2865 628 2874 .
658 2838 713 2876 Le
730 2835 901 2875 cardinal
920 2834 969 2874 de
987 2835 1244 2882 Winchester,
1265 2843 1367 2874 mort
1385 2834 1421 2875 le
1439 2836 1482 2873 11
1503 2833 1601 2877 avril
1623 2835 1740 2875 144⁷.
