2086 3528
508 397 531 432 6
882 388 1231 427 HISTORIARUM
1261 387 1444 426 CAROLI
1475 389 1545 426 VII

507 491 661 533 mam,
684 489 790 538 quae
818 481 866 519 et
887 471 990 536 ipsa
1005 508 1016 530 ‚
1046 480 1099 517 ut
1122 469 1359 535 pleraeque
1381 470 1586 518 foeminae
1615 469 1829 531 nobiles,
1851 469 1934 518 alti

507 565 555 602 et
587 551 747 616 magni
782 549 930 596 animi
963 557 1092 605 erat,
1119 548 1319 613 contigit
1342 548 1552 613 quadam
1586 548 1714 607 vice,
1743 548 1862 596 dum
1883 549 1933 596 in

507 631 684 697 palatio
704 627 849 693 regali
870 626 1060 675 choreis
1080 635 1128 673 et
1147 625 1370 688 lasciviis,
1390 627 1643 674 nocturnis
1660 626 1761 691 jam
1782 625 1931 688 horis,

507 709 668 776 plures
697 719 795 756 tam
818 706 908 755 viri
927 721 1075 771 quam
1097 704 1303 753 foeminae
1324 721 1583 770 procerum
1611 722 1667 753 ac
1696 704 1936 771 nobilium

510 806 567 836 ex
588 802 724 835 more
747 802 849 833 sese
872 793 1165 845 recrearent,
1188 793 1242 831 ut
1262 782 1673 832 Aurelianensium
1695 784 1812 847 dux,
1831 785 1934 850 qui,

508 876 561 913 ut
592 865 703 913 satis
734 863 974 911 famosum
1002 871 1118 908 tunc
1151 859 1438 922 habebatur,
1468 861 1531 909 ad
1558 878 1755 910 omnem
1786 861 1936 910 ferme

508 943 907 1011 speciosissimam
929 940 1179 988 mulierem
1194 975 1206 999 ,
1233 938 1365 986 velut
1383 956 1535 1004 equus
1557 940 1729 1005 aliquis
1749 940 1939 988 emissa-

509 1024 608 1070 rius
628 1019 965 1078 adhinniebat,
982 1019 1032 1065 in
1056 1016 1272 1082 quodam
1294 1015 1459 1064 abdito
1478 1018 1658 1083 palatii,
1681 1018 1831 1084 ipsius
1847 1017 1937 1065 do-

511 1101 652 1147 minae
671 1098 878 1161 vestigiis
893 1096 1160 1153 insidiatus,
1180 1105 1251 1157 et,
1279 1103 1332 1142 ut
1353 1111 1439 1143 sua
1459 1096 1774 1145 aestimatione
1795 1113 1940 1162 repu-

511 1178 668 1237 tabat,
690 1176 785 1224 loci
801 1192 857 1223 ac
872 1175 1103 1240 temporis
1122 1173 1535 1239 opportunitatem
1551 1183 1738 1238 nactus,
1755 1190 1863 1223 eam
1878 1174 1940 1223 de

511 1265 679 1320 stupro
715 1269 800 1300 seu
840 1251 1075 1300 adulterio
1120 1251 1401 1299 sollicitarit.
1439 1251 1529 1298 Cui
1565 1251 1730 1299 sceleri
1763 1269 1940 1317 magno

511 1333 676 1380 animo
707 1330 942 1377 resistenti
967 1329 1063 1376 vim
1087 1329 1232 1376 etiam
1261 1328 1436 1376 inferre
1461 1338 1693 1377 attentare
1719 1345 1942 1395 praesum-

516 1410 647 1475 psit¹.
663 1411 822 1466 Quam
835 1406 1059 1472 injuriam
1077 1422 1199 1471 aegre
1215 1406 1358 1453 nimis
1373 1415 1419 1453 et
1441 1406 1580 1453 anxie
1596 1405 1770 1468 serem,
1788 1416 1843 1454 ut
1861 1423 1942 1472 ge-

515 1504 687 1536 nerosa
708 1497 851 1552 atque
885 1486 1192 1550 magnanima
1222 1484 1446 1545 domina,
1472 1485 1658 1550 optimo
1683 1494 1731 1533 et
1756 1484 1944 1533 ardenti

517 1583 681 1615 amore
701 1567 804 1614 viro
824 1582 912 1612 suo
929 1564 1190 1628 conjuncta
1203 1601 1215 1625 ,
1233 1564 1280 1610 vi
1297 1564 1486 1630 repulsa
1503 1572 1552 1611 et
1567 1562 1777 1612 nefando
1796 1564 1944 1630 ipsius

517 1644 720 1692 adulteri
743 1643 1000 1691 conamine
1022 1640 1249 1707 depulso,
1277 1658 1326 1688 se
1347 1641 1451 1688 viro
1475 1658 1563 1688 suo
1586 1641 1807 1707 protinus
1829 1658 1944 1707 que-

517 1722 667 1770 relam
690 1721 923 1769 facturam
947 1720 1007 1768 de
1029 1729 1161 1768 tanta
1183 1719 1356 1783 injuria
1372 1720 1664 1800 com‘minata
1685 1727 1782 1779 est3
1809 1718 1943 1784 quod

519 1810 568 1848 et
601 1800 755 1848 facere
786 1817 887 1847 non
922 1798 1158 1846 obmisit’.
1184 1798 1269 1845 Vir
1297 1807 1455 1846 autem
1484 1798 1612 1863 ejus,
1649 1797 1735 1863 qui
1768 1806 1817 1846 et
1843 1798 1944 1865 ipse

513 1879 703 1944 juvenis
725 1878 907 1943 (adhuc
930 1880 1060 1926 enim
1083 1877 1180 1924 dux
1204 1877 1454 1943 Philippus
1483 1887 1619 1943 pater
1639 1877 1788 1944 ipsius
1806 1877 1945 1926 vive-

518 1955 621 2021 bat)
637 1966 684 2004 et
702 1956 1036 2019 magnanimus
1057 1965 1159 2003 erat
1173 1993 1186 2018 ,
1205 1964 1253 2003 et
1272 1956 1356 2021 qui
1375 1972 1476 2003 non
1497 1956 1731 2021 imparem
1753 1955 1945 2020 conjugi

521 2051 617 2083 suae
662 2033 856 2081 referret
892 2049 1132 2094 amorem,
1170 2033 1348 2080 mirum
1389 2033 1439 2080 in
1477 2032 1680 2080 modum
1717 2031 1945 2080 adversus

519 2111 768 2178 praefatum
802 2110 1130 2175 injuriatorem
1161 2110 1210 2156 in
1241 2110 1361 2157 iram
1384 2119 1527 2174 atque
1550 2109 1717 2157 odium
1746 2110 1941 2172 exarsit,

521 2189 712 2254 conjugi
733 2206 827 2236 suae
852 2205 1028 2254 magno
1048 2197 1348 2236 sacramento
1374 2187 1636 2253 pollicitus,
1663 2184 1947 2253 quod‘hanc

576 2369 614 2407 1.
645 2368 823 2404 D’autres
840 2364 964 2403 bruits
987 2372 1055 2402 ont
1076 2377 1197 2403 couru
1217 2377 1284 2403 sur
1301 2364 1340 2403 la
1350 2377 1464 2404 cause
1483 2365 1533 2404 de
1548 2364 1586 2404 la
1603 2364 1720 2405 haine
1738 2364 1793 2405 du
1809 2365 1886 2405 duc
1898 2365 1947 2406 de

521 2430 751 2479 Bourgogne
768 2438 868 2477 pour
885 2424 924 2463 le
937 2423 1011 2463 duc
1026 2423 1240 2463 d'Orleans.
1266 2423 1445 2474 Gelai-ci,
1466 2425 1619 2478 d'apres
1637 2439 1715 2465 une
1732 2426 1947 2478 chronique

519 2488 569 2527 de
586 2485 753 2526 Flandre
770 2484 1018 2532 manuscrite,
1039 2484 1166 2523 aurait
1181 2484 1356 2523 souffletb,
1374 2487 1469 2525 Jean
1489 2499 1576 2526 sans
1597 2488 1700 2526 Peur
1718 2486 1863 2526 devant
1875 2499 1946 2527 son

519 2550 613 2601 pere
639 2562 648 2585 ε
678 2565 696 2582 «ι
721 2554 761 2585 et
774 2545 853 2584 lors
872 2545 939 2596 luy
961 2545 1019 2583 fut
1038 2545 1095 2583 dit
1114 2557 1189 2596 que
1206 2557 1250 2583 ce
1272 2545 1388 2583 seroit
1407 2559 1484 2584 une
1502 2546 1700 2586 mauvaise
1719 2545 1828 2585 huffe
1845 2557 1947 2598 pour

519 2610 586 2661 luy
598 2607 666 2661 qui
685 2606 819 2646 l‘avoit
837 2605 979 2644 donne.
1005 2622 1023 2639 n
1044 2604 1136 2643 Voir
1153 2617 1197 2643 ce
1210 2617 1370 2657 passage
1384 2613 1422 2643 et
1440 2604 1608 2644 d’autres
1629 2604 1862 2658 hypotheses
1880 2617 1948 2643 sur

518 2669 555 2708 le
577 2669 703 2707 meme
722 2666 820 2716 sujet
840 2665 936 2705 dans
959 2665 1153 2703 l'Histoire
1177 2666 1224 2701 de
1248 2666 1415 2702 Flandre
1434 2665 1482 2703 de
1509 2668 1562 2704 M.
1595 2668 1760 2718 Kervyn
1788 2663 1838 2704 de
1855 2667 1945 2704 Let-

518 2727 688 2768 tenhove
704 2757 716 2776 ,
739 2726 807 2765 liv.
829 2727 939 2764 XIII.

573 2791 612 2827 2.
643 2790 742 2826 Tout
765 2799 809 2825 ce
825 2785 892 2837 qui
908 2783 1075 2837 precede
1088 2813 1099 2831 ‚
1120 2786 1143 2822 a
1161 2784 1282 2836 partit·
1303 2784 1350 2822 de
1368 2797 1450 2822 cum
1470 2792 1596 2822 autem
1613 2782 1768 2822 liaberet
1781 2811 1793 2833 ‚
1809 2790 1903 2830 etc„
1923 2795 1947 2821 ι

518 2849 578 2887 ete
596 2847 669 2886 cite
689 2845 980 2885 textuellement
998 2857 1068 2896 par
1089 2846 1141 2883 M.
1164 2846 1222 2882 De
1247 2843 1284 2882 la
1301 2846 1415 2882 Porte
1437 2843 1490 2882 du
1507 2843 1616 2882 Theil
1640 2842 1735 2883 dans
1768 2855 1839 2881 son
1864 2841 1947 2880 me-

518 2908 639 2947 moire
656 2920 722 2947 sur
734 2904 955 2959 Amelgard.
972 2908 1123 2945 Notices
1131 2913 1167 2942 et
1180 2906 1356 2943 Extraits
1374 2906 1443 2943 des
1458 2907 1693 2953 manuscrits,
1705 2909 1733 2942 t.
1746 2905 1832 2956 1‚p.
1845 2902 1916 2940 41¹
1932 2929 1941 2940 .
