2086 3528
551 382 628 418 274
937 380 1279 419 HISTORIARUM
1305 380 1489 418 CAROLI
1516 381 1586 416 VII

551 466 600 511 in
626 479 800 526 magno
819 478 1024 510 numero
1049 462 1231 524 aliquot
1259 461 1542 510 mansissent
1559 459 1755 520 diebus,
1777 461 1973 523 veniens

552 558 715 589 comes
750 539 810 587 de
847 538 1102 602 Stampis¹,
1148 552 1271 586 unus
1314 537 1579 602 praecipuus
1614 538 1739 588 inter
1779 547 1972 587 caeteros

552 619 728 665 militiae
751 617 896 664 duces
918 632 1041 680 quos
1063 625 1176 665 tunc
1198 613 1326 665 idem
1348 614 1445 662 dux
1469 615 1715 680 Philippus
1738 614 1968 678 habehat,

550 714 663 744 cum
691 697 803 743 satis
832 711 981 761 parva
1003 693 1205 744 militum
1229 709 1374 744 manu
1389 729 1402 752 ‚
1428 693 1705 742 Gaudenses
1727 694 1810 758 qui
1833 696 1971 760 Oppi·-
2008 703 2012 709 ”

552 775 669 830 dum
705 773 991 821 obsidebant
1022 770 1331 839 expugnavit,
1365 770 1620 835 multisque
1648 787 1818 823 eorum
1850 772 1973 822 mili-

553 852 679 900 tibus
702 850 778 900 vel
798 851 926 899 caesis
954 850 1030 898 vel
1059 850 1107 896 in
1134 865 1370 913 aquarum
1407 848 1669 913 gurgitibus
1701 849 1969 911 suffocatis,

549 933 760 996 reliquos
783 931 833 978 in
856 931 1016 994 fugam
1041 929 1195 993 coegit
1212 930 1242 974 ².
1274 978 1276 982 ³

614 1014 672 1057 Et
716 1010 813 1057 hoc
858 1010 1068 1074 primum
1110 1006 1326 1072 praelium
1371 999 1472 1054 suit‘
1494 1006 1545 1054 in
1585 1022 1684 1071 quo
1722 1006 1972 1057 infeliciter

549 1089 831 1136 dimicantes
875 1085 1171 1134 succubuere
1213 1084 1491 1132 Gaudenses
1527 1102 1538 1130 ε
1581 1085 1711 1133 triste
1755 1085 1970 1151 profecto

546 1167 815 1213 futurarum
848 1164 1172 1212 calamitatum
1204 1179 1397 1217 suarum
1432 1163 1719 1228 auspicium,
1760 1173 1808 1212 et
1837 1165 1971 1230 quod

547 1245 680 1306 satis,
714 1244 753 1290 si
786 1258 958 1297 sanum
993 1241 1175 1306 aliquid
1209 1241 1501 1306 sapuissent,
1536 1257 1619 1288 eos
1650 1250 1703 1288 ut
1731 1256 1761 1290 a
1795 1249 1972 1305 temere

546 1321 706 1385 caeptis
728 1319 1011 1367 desisterent
1026 1327 1074 1365 et
1089 1333 1257 1382 pacem
1281 1317 1635 1385 perquirerent³
1661 1333 1972 1378 commouere

544 1395 813 1446 debuisset!
846 1396 939 1444 Sed
968 1396 1092 1443 miro
1120 1396 1169 1442 in
1199 1395 1272 1443 sui
1300 1395 1494 1444 exitium
1524 1394 1751 1450 concitati
1779 1394 1968 1456 furme,

545 1493 635 1531 nec
660 1476 727 1523 sic
757 1475 1088 1523 imminentem
1121 1474 1187 1521 eis
1215 1473 1482 1521 exterminii
1506 1472 1693 1521 cladem
1723 1472 1971 1524 advertere

545 1563 834 1620 potuerunt,
878 1564 925 1600 et
969 1552 1137 1616 quod,
1178 1552 1320 1599 nimis
1365 1551 1570 1616 impares
1615 1559 1663 1599 et
1698 1549 1879 1613 viribus
1924 1560 1972 1601 et
2030 1582 2033 1585 -

544 1631 714 1691 armis,
743 1641 913 1679 contra
936 1641 1032 1687 tam
1055 1639 1303 1695 potentem
1329 1639 1673 1693 strenuumque
1703 1629 1970 1694 principem

541 1709 724 1757 bellum
746 1719 925 1757 temere
952 1710 1106 1756 exorsi
1137 1718 1307 1756 essent.
1339 1708 1475 1756 Unde
1504 1707 1663 1764 adhue
1690 1708 1740 1755 in
1770 1724 1970 1774 campos

543 1797 782 1851 patentes,
810 1797 941 1834 extra
964 1786 1198 1851 oppidum
1226 1803 1393 1845 suum,
1415 1786 1591 1832 iterum
1620 1796 1762 1849 atque
1795 1787 1970 1834 iterum

543 1864 670 1911 exire
705 1874 1130 1929 praesumpserunt,
1160 1873 1269 1910 ante
1302 1863 1526 1925 ultimum
1562 1862 1778 1927 praelium
1803 1862 1968 1930 [apud]

542 1952 750 2011 castrum
783 1946 933 1989 Gavre
953 1943 967 1966 ³
989 1940 1228 2000 habitum,
1266 1941 1398 2005 quod
1436 1957 1518 1988 eos
1549 1957 1699 2005 usque
1726 1957 1879 2007 prope
1907 1942 1969 1990 ad

544 2019 741 2067 totalem
780 2019 1155 2070 internecionem
1195 2018 1451 2085 prostravit
1490 2035 1545 2064 ac
1587 2017 1776 2066 delevit.
1812 2019 1968 2067 Semel

544 2098 740 2163 quidem
789 2114 941 2163 prope
994 2107 1202 2144 castrum
1251 2095 1624 2161 Rupelmondae,
1667 2111 1779 2142 cum
1818 2097 1968 2144 multa

542 2192 711 2223 eorum
757 2175 904 2223 millia
950 2176 1196 2234 exiissent,
1244 2175 1578 2237 congressione
1618 2174 1794 2231 militiae
1831 2173 1967 2232 ducis

542 2263 710 2301 contra
729 2269 812 2306 eos
831 2253 970 2314 facta,
989 2253 1129 2301 etiam
1151 2251 1398 2300 infeliciter
1414 2250 1551 2299 valde
1574 2251 1791 2317 oppressi
1810 2254 1962 2313 sunt‘,

599 2403 637 2447 1.
664 2403 759 2442 Jean
778 2431 788 2450 ‚
808 2408 933 2438 comte
951 2392 1190 2452 d'Etampes‚
1213 2398 1318 2445 dela
1337 2399 1484 2447 maison
1507 2398 1555 2437 de
1574 2401 1746 2448 Nevers,
1779 2399 1847 2462 qui
1875 2399 1966 2449 etait
2028 2406 2031 2410 '

542 2474 620 2501 une
634 2460 805 2500 branche
823 2459 871 2499 de
890 2461 988 2500 celle
1007 2460 1055 2499 de
1075 2463 1320 2512 Boni-gogne.

596 2525 635 2562 2.
663 2523 714 2559 24
731 2522 828 2560 avril
847 2523 962 2561 1452.

598 2585 638 2623 3.
668 2585 723 2622 Le
740 2582 903 2621 chateau
922 2581 971 2619 de
994 2583 1144 2629 Gavi-e,
1171 2581 1193 2619 a
1212 2580 1306 2619 trois
1324 2580 1445 2619 lieues
1473 2579 1521 2619 de
1547 2579 1672 2622 Gand.
1705 2583 1779 2627 Les
1805 2581 1965 2626 Gantois

542 2643 696 2690 avaient
723 2642 944 2697 commepce
968 2642 1022 2680 les
1040 2641 1228 2690 hostilitcs
1254 2654 1323 2693 par
1348 2641 1383 2679 la
1403 2641 1506 2696 prise
1526 2640 1574 2680 de
1596 2649 1693 2692 cette,
1717 2639 1842 2693 place.
1865 2641 1966 2692 C'est

541 2703 686 2742 devant
701 2716 761 2741 ses
778 2715 882 2740 murs
901 2705 1034 2753 qu’eut
1051 2702 1129 2741 lieu
1148 2702 1233 2741 leur
1248 2700 1426 2742 derniere
1442 2701 1595 2742 defaite.

598 2766 636 2801 4.
668 2765 721 2800 Le
741 2764 790 2800 16
810 2762 895 2811 juin
915 2763 1033 2800 1452.
1059 2763 1164 2800 Cette
1183 2761 1308 2800 action
1328 2762 1554 2800 neanmoins
1571 2762 1684 2800 conta
1708 2761 1802 2801 cher
1818 2775 1868 2802 au
1888 2760 1964 2800 duc

543 2822 591 2860 de
615 2826 867 2873 Bourgogne3
890 2822 944 2861 les
971 2822 1132 2860 Gantois
1151 2821 1206 2859 lui
1236 2822 1388 2860 tuerent
1410 2835 1479 2860 son
1507 2821 1641 2869 batard
1667 2821 1903 2870 bien-aime,
1926 2822 1963 2861 le

542 2882 676 2934 prince
695 2881 901 2923 Corncille.
