2086 3528
794 356 940 393 LIBER
968 356 1168 394 PRIMUS.
1637 357 1684 394 ⁴1

271 455 360 506 pro
401 453 486 485 sua
522 437 788 484 temeritate
819 438 1073 504 supplici0‚
1122 456 1180 486 eo
1213 437 1346 504 quod
1382 455 1493 486 cum
1530 437 1686 498 hoste,

270 525 440 564 contra
459 515 767 562 interdictum
786 531 927 562 suum
944 525 1085 581 atque
1099 517 1371 582 imperium,
1394 517 1687 576 dimicasset3

270 603 416 660 prout
450 592 567 640 olim
605 592 832 640 Manlium
861 596 1156 659 Torquatum
1187 594 1248 642 de
1272 595 1470 660 proprio
1493 593 1592 642 filio
1620 594 1687 642 fe-

271 671 408 730 cisse,
423 669 557 735 quod
579 680 747 718 contra
763 687 904 718 suum
921 672 1196 737 imperium,
1216 672 1324 719 licet
1346 672 1558 734 feliciter,
1580 689 1691 719 cum

270 749 406 797 hoste
434 758 719 823 pugnasset,
757 758 940 810 veteres
970 753 1299 798 Romanorum
1331 749 1540 797 historiae
1574 750 1692 799 refe-

271 835 401 889 runt.

335 907 442 952 Non
465 903 620 951 multo
647 913 807 952 autem
835 915 968 970 post,
991 905 1120 953 idem
1142 905 1403 970 Anglorum
1425 921 1530 965 rex,
1559 905 1688 969 gravi

270 984 444 1032 morbo
467 992 741 1047 correptus,
767 982 984 1031 debitum
1016 984 1246 1031 universae
1277 983 1432 1031 carnis
1465 982 1687 1044 exsolvit,

268 1078 299 1111 a
318 1078 509 1110 summo
532 1065 556 1109 J
561 1061 716 1122 udice,
739 1061 802 1109 ad
821 1061 1153 1127 recipiendum
1176 1078 1267 1127 pro
1289 1078 1486 1109 suorum
1515 1062 1693 1109 meritis

270 1149 474 1206 operum
488 1140 798 1205 stipendium,
817 1157 874 1188 ex
891 1140 987 1187 hoc
1006 1139 1179 1187 saeculo
1201 1154 1408 1205 nequam
1426 1141 1686 1187 evocatus&

269 1221 436 1266 Fertur
457 1228 617 1266 autem
639 1218 887 1266 inflatione
908 1218 1087 1266 ventris
1115 1227 1162 1266 et
1182 1235 1399 1279 crurum,
1424 1217 1499 1265 vel
1522 1234 1576 1264 ex
1601 1217 1693 1282 hy-

270 1296 452 1362 dropisi
470 1297 700 1358 tumidus,
720 1297 964 1345 del'ecisse.
978 1299 1134 1355 Quem
1152 1296 1377 1344 morbum
1396 1296 1565 1360 vulgus
1580 1313 1691 1344 eum

268 1373 524 1421 incurrisse
558 1373 770 1435 dicebat,
802 1373 935 1437 quod
971 1374 1130 1421 villam
1166 1383 1214 1421 et
1245 1374 1510 1422 oratorium
1541 1375 1692 1421 sancti

269 1452 446 1511 Fiacri,
483 1468 635 1517 prope
675 1452 914 1500 civitatem
959 1451 1272 1510 Meldensem‚
1307 1451 1508 1517 praedari
1549 1461 1693 1514 atque

203 1551 205 1555 ·
270 1530 465 1596 spoliari
489 1547 576 1596 per
597 1546 709 1578 suos
737 1530 812 1578 vel
835 1530 1018 1578 fecisset
1034 1567 1046 1590 ‚
1071 1529 1148 1577 vel
1175 1530 1505 1595 permisisset¹.
1531 1529 1691 1577 Talem

269 1612 399 1659 enim
442 1611 767 1674 aegritudinem
814 1611 882 1658 sic
932 1610 1060 1657 foedo
1106 1610 1458 1658 distendentem
1504 1620 1692 1658 tumore.

272 1699 485 1737 ventrem
508 1699 556 1737 et
578 1705 718 1737 crura
732 1726 744 1749 ,
769 1689 938 1753 vulgus
960 1688 1185 1736 morbum
1209 1689 1358 1736 sancti
1381 1689 1530 1736 Fiacri
1550 1705 1692 1736 com-

270 1767 480 1815 muniter
513 1766 736 1832 appellat.
775 1766 979 1831 Reliquit
1010 1776 1171 1814 autem
1204 1766 1356 1814 filium
1391 1766 1692 1832 impuberem

270 1843 486 1908 eJusdem
526 1844 764 1902 nominis,
803 1845 981 1892 scilicet
1014 1845 1302 1904 Henricum,
1345 1845 1454 1910 qui,
1496 1855 1690 1892 mortuo

269 1930 428 1986 patre,
451 1921 594 1969 variis
628 1938 683 1969 ac
721 1922 853 1969 miris
886 1921 1087 1970 fortunae
1118 1922 1360 1983 ludibriis,
1388 1939 1518 1970 nunc
1547 1923 1694 1970 subli-

270 2007 442 2060 matus,
462 2014 592 2046 nunc
611 1999 838 2064 dejectus,
859 2001 920 2048 ad
941 2000 1180 2062 ultimum,
1198 2017 1310 2048 cum
1330 2000 1414 2048 diu
1432 2012 1688 2066 regnasset,

272 2075 602 2123 miserabiliter
650 2075 770 2123 obiit
809 2095 820 2123 ε
871 2077 1132 2142 aliquando
1181 2078 1390 2125 duorum
1431 2095 1692 2144 regnorum

271 2153 589 2202 maximorum
626 2155 775 2202 titulis
812 2154 1072 2204 adornatus
1106 2165 1152 2203 et
1186 2166 1391 2221 utroque
1427 2173 1602 2222 magna
1637 2174 1693 2204 ex

325 2327 364 2364 1.
394 2327 448 2363 Le
468 2326 513 2363 31
540 2326 633 2364 aout
654 2326 773 2364 1422.

325 2386 364 2424 2.
395 2387 540 2423 Erreur
559 2385 607 2424 de
626 2386 804 2426 l'auteur.
840 2386 950 2426 Voici
975 2386 1011 2425 le
1030 2386 1117 2437 fait,
1151 2387 1202 2425 tel
1230 2386 1325 2438 qu'il
1349 2395 1405 2426 est
1424 2387 1605 2440 rapport&
1622 2400 1693 2439 par

271 2445 461 2483 Jouvenel
478 2445 545 2484 des
562 2446 715 2495 Ursins,
743 2459 792 2485 en
822 2460 864 2485 sa
882 2447 1097 2499 chronique
1125 2447 1173 2486 de
1197 2448 1353 2487 Cliarles
1371 2451 1423 2487 VI
1443 2463 1451 2486 ε
1478 2466 1494 2483 «ι
1518 2448 1549 2487 Il
1568 2462 1609 2487 se
1628 2449 1693 2487 di-

273 2504 347 2542 soit
361 2506 673 2546 communement
697 2507 790 2558 qu'il
810 2507 916 2546 avoit
931 2508 1009 2546 este
1023 2510 1044 2546 a
1066 2508 1212 2561 l’eglise
1230 2517 1267 2546 et
1289 2508 1463 2561 chapelle
1482 2508 1530 2547 de
1546 2522 1589 2547 ce
1607 2510 1692 2561 glo-

273 2563 385 2602 rieux
404 2564 525 2612 saint,
546 2567 820 2620 monseigneur
841 2568 941 2606 saint
957 2568 1105 2616 Fiacre,
1126 2576 1164 2607 et
1182 2581 1259 2620 que
1281 2582 1351 2607 son
1372 2569 1562 2608 intention
1582 2569 1694 2608 estoit

275 2622 323 2661 de
342 2631 578 2675 transporter
596 2625 691 2664 ledit
705 2640 818 2679 corps
837 2627 889 2666 du
906 2627 983 2666 lieu
997 2630 1048 2666 οὺ
1066 2628 1093 2666 il
1113 2628 1225 2667 estoit
1241 2641 1290 2667 en
1307 2642 1360 2667 un
1379 2637 1502 2667 autre.
1521 2631 1567 2666 Et
1582 2629 1694 2667 estoit

274 2696 477 2722 commune
493 2687 714 2726 renommee
731 2701 808 2739 que
826 2688 972 2727 c’estoit
990 2702 1038 2727 en
1057 2702 1127 2727 son
1150 2702 1245 2741 pays
1267 2688 1546 2742 d'Angleterre.
1572 2690 1624 2726 Or
1643 2702 1691 2727 en

275 2743 347 2782 telz
373 2757 436 2782 cas
464 2755 649 2794 souvent,
674 2757 794 2799 quant
820 2751 843 2787 a
859 2749 976 2798 Dieu,
1008 2750 1047 2802 la
1063 2751 1221 2790 volonte
1243 2759 1298 2789 est
1320 2750 1506 2802 repputee
1532 2763 1633 2802 pour
1655 2750 1721 2788 le—

275 2803 377 2842 faict.
406 2806 439 2841 A
458 2812 555 2842 cette
575 2819 687 2845 cause
707 2806 895 2846 discit-on
921 2821 997 2860 que
1026 2809 1126 2848 Dieu
1145 2809 1279 2848 l'avoit
1297 2810 1378 2848 oste
1398 2809 1445 2848 de
1472 2822 1515 2847 ce
1534 2809 1690 2857 monde,

274 2862 366 2901 affin
377 2863 471 2914 qu'il
490 2876 540 2902 ne
555 2864 642 2903 mist
660 2879 702 2904 sa
721 2867 932 2907 maulvaise
951 2868 1142 2921 volonteJa
1160 2869 1378 2907 execution.
1405 2885 1422 2902 υ
