2086 3528
528 376 604 413 252
907 375 1250 413 HISTORIARUM
1280 375 1459 413 CAROLI
1489 374 1555 411 vn

530 456 854 514 Normanniae,
888 472 992 519 quae
1019 455 1108 502 sub
1135 455 1310 503 ducatu
1342 472 1427 503 suo
1453 455 1714 520 contigerat
1730 492 1743 514 ,
1770 455 1940 520 perdi—

530 534 709 579 tionem
733 568 744 590 ,
770 531 831 578 de
862 532 1146 597 proditionis
1179 532 1375 580 crimine
1403 533 1611 596 primum
1637 531 1810 579 ducem
1837 532 1942 580 Suf-

531 610 695 667 folciae,
716 609 851 672 cujus
876 626 1020 674 opera
1045 619 1219 672 treugae
1241 626 1351 656 cum
1373 611 1563 657 Francis
1585 610 1710 657 initae
1733 609 1936 668 fuerant,

532 685 734 748 graviter
756 684 1047 732 insimulavit
1070 722 1082 745 ,
1108 685 1334 732 invidiam
1366 685 1495 750 apud
1531 686 1703 748 Angliae
1737 684 1942 751 populos

531 762 757 808 adversus
777 763 886 808 eum
909 761 1200 808 atrocissime
1219 761 1450 819 conflans,
1475 762 1604 826 quod
1631 762 1776 827 ipsius
1796 778 1941 827 opera

533 847 580 885 et
614 837 910 902 proditione,
954 837 1043 885 sub
1081 847 1307 903 praetextu
1357 835 1591 886 dictarum
1635 849 1907 902 treugarum
1924 874 1937 898 ‚

533 914 874 961 Normanniam
898 915 1229 980 perdidissent.

598 994 720 1039 Cum
745 1002 906 1039 autem
930 992 1056 1039 idem
1080 993 1313 1040 Suffolciae
1335 993 1431 1040 dux
1456 992 1832 1040 adversariorum
1851 991 1942 1039 fac·

534 1069 687 1115 tiones
708 1069 1059 1133 pertimesceret
1088 1070 1248 1128 valde,
1276 1080 1323 1117 et
1352 1069 1416 1116 ob
1440 1070 1487 1116 id
1511 1070 1744 1135 praecipue
1769 1069 1940 1116 ducem

535 1145 832 1205 Glocestriae‚
865 1147 985 1210 regis
1015 1156 1261 1211 patruum,
1289 1156 1342 1194 ut
1364 1163 1505 1212 supra
1532 1146 1800 1207 retulimuS,
1833 1162 1942 1194 ene-
1998 1141 2001 1144 ’

535 1231 683 1269 casset
700 1259 711 1281 ‚
740 1224 834 1269 suis
860 1223 1110 1270 conatibus
1140 1224 1447 1271 obsistentem
1479 1224 1857 1286 renitentemque
1881 1239 1942 1270 ne

539 1308 709 1363 treugae
737 1299 937 1364 praefatae
965 1301 1199 1348 init-entur
1219 1337 1231 1360 ,
1257 1301 1390 1347 saluti
1418 1317 1512 1347 suae
1537 1317 1634 1347 non
1660 1299 1774 1347 alias
1797 1315 1942 1364 quam

535 1395 622 1443 per
655 1379 813 1442 fugam
850 1380 1121 1427 consultum
1155 1381 1211 1427 iri
1242 1397 1381 1446 posse
1411 1390 1664 1445 reputans,
1708 1379 1942 1443 ingressus

536 1470 705 1502 navem
738 1473 848 1504 cum
879 1458 989 1505 satis
1022 1457 1251 1522 opulento
1268 1497 1280 1519 ,
1307 1457 1439 1521 quod
1459 1473 1616 1504 secum
1641 1455 1760 1504 ferre
1781 1455 1940 1503 decre-

538 1542 684 1592 verat,
710 1534 921 1598 peculio,
950 1552 1034 1598 per
1059 1535 1205 1581 altum
1230 1534 1330 1581 vela
1354 1534 1477 1581 fecit.
1505 1533 1596 1580 Sed
1616 1549 1727 1580 cum
1748 1531 1942 1597 quidam

538 1609 756 1673 Anglicus
789 1612 967 1676 pirata,
996 1628 1166 1659 navem
1198 1611 1381 1659 habens
1409 1611 1768 1672 validissimam,
1803 1611 1944 1658 armis

536 1685 741 1750 virisque
773 1688 976 1751 piraticae
997 1689 1193 1735 assuetis
1215 1688 1564 1735 refertissimam
1579 1723 1591 1746 ‚
1613 1687 1708 1734 hoc
1733 1686 1946 1751 agnovis-

537 1772 607 1809 set
626 1800 643 1823 ,v
664 1763 782 1810 lucri
798 1764 990 1812 allectus
1007 1776 1053 1812 et
1077 1775 1252 1812 tractus
1275 1765 1514 1830 cupidine,
1535 1759 1756 1812 eumdem
1772 1763 1944 1810 ducem

537 1841 722 1905 insequi
753 1853 1065 1907 properanter
1090 1844 1286 1891 curavit.
1315 1846 1469 1901 Quem
1494 1860 1606 1890 cum
1634 1843 1682 1889 in
1715 1842 1834 1890 mari
1856 1841 1945 1888 mi-

538 1917 665 1964 nime
698 1919 933 1967 valentem
965 1921 1179 1968 resistere
1211 1919 1623 1986 apprehendisset,
1651 1930 1701 1967 ut
1724 1919 1943 1968 thesauro

535 1995 786 2060 potiretur,
814 1997 985 2057 eidem,
1017 1999 1145 2045 velut
1168 1999 1450 2063 proditionis
1470 2015 1554 2046 reo
1573 2035 1585 2059 ,
1613 2007 1754 2063 caput
1775 2013 1942 2061 ampu—

534 2074 681 2133 tavit,
711 2084 758 2121 et
780 2076 845 2122 sic
867 2077 976 2122 navi
999 2085 1138 2139 atque
1165 2076 1386 2124 thesauro
1411 2077 1616 2123 maximo
1646 2075 1824 2140 potitus
1853 2083 1938 2121 est.

533 2150 695 2197 Talem
723 2151 882 2215 itaque
911 2151 1143 2200 Sufsolciae
1174 2152 1270 2199 dux
1303 2153 1349 2199 in
1382 2152 1476 2199 hoc
1506 2151 1676 2199 saeculo
1700 2149 1844 2198 finem
1869 2150 1943 2197 in-

537 2229 666 2276 venit
688 2231 715 2289 ¹,
744 2231 877 2293 cujus
910 2230 1103 2277 arbitrio
1135 2241 1182 2278 et
1200 2248 1279 2278 rex
1305 2230 1478 2295 Angliae
1503 2240 1550 2278 et
1571 2239 1723 2276 totum
1743 2246 1944 2294 regnum

534 2305 681 2371 paulo
707 2317 845 2354 antea
869 2308 1170 2370 regebantur.

599 2381 693 2430 Sed
732 2392 779 2430 et
818 2383 966 2430 turbae
1003 2385 1216 2431 maximae
1258 2383 1545 2450 populorum
1575 2383 1636 2431 de
1676 2383 1946 2431 Kancia¹et

535 2459 712 2507 finibus
742 2459 832 2507 illis
856 2461 1086 2509 suscitatae
1122 2470 1259 2521 sunt,
1293 2461 1375 2525 qui
1408 2478 1559 2526 usque
1586 2460 1646 2508 ad
1669 2459 1945 2509 suburbana

589 2623 626 2659 1.
655 2623 709 2659 Le
731 2621 755 2658 2
780 2620 854 2658 mai
876 2622 991 2658 1450.
1014 2621 1045 2658 Il
1065 2621 1146 2659 faut
1172 2629 1283 2659 noter
1306 2634 1382 2671 que
1406 2621 1460 2659 les
1490 2619 1696 2659 historiens
1725 2618 1870 2672 anglais
1895 2630 1945 2659 ne

534 2682 766 2720 confirment
786 2693 854 2732 pas
872 2680 908 2718 le
928 2679 1012 2718 dire
1033 2679 1081 2718 de
1099 2679 1262 2718 Thomas
1282 2681 1394 2718 Basin
1413 2694 1480 2718 sur
1501 2680 1537 2718 la
1564 2679 1708 2731 qualite
1731 2678 1783 2717 du
1813 2690 1944 2717 meur·

536 2740 627 2779 trier
645 2740 692 2779 de
716 2739 878 2780 Susfolk.
900 2740 1060 2779 Suivant
1074 2742 1308 2791 Wyrcester,
1329 2740 1455 2778 c’etait
1474 2753 1526 2778 un
1542 2739 1730 2791 capitaine
1742 2738 1790 2777 de
1807 2738 1842 2777 la
1860 2750 1945 2776 mn-

534 2799 617 2838 rine
637 2799 689 2838 du
708 2801 782 2849 roi,
805 2798 1077 2841 commandant
1102 2799 1137 2837 le
1165 2799 1337 2839 vaisseau
1356 2799 1505 2852 appelle
1529 2801 1683 2837 Nicolas
1701 2800 1749 2836 de
1769 2801 1807 2836 la
1831 2800 1940 2836 Your.

588 2861 628 2899 2.
660 2862 712 2897 Le
729 2859 856 2898 comte
869 2858 919 2905 de
938 2860 1052 2896 Kent.
