2086 3528
741 352 891 389 unm
919 351 1164 401 QUARTUS.
1584 356 1663 394 229

201 443 204 447 '
235 434 338 483 aliis
363 444 557 483 centum
584 433 779 482 lanceis.
811 436 1014 499 ingressi
1033 445 1191 484 autem
1217 437 1551 503 praenominati
1569 437 1662 486 dis-

233 524 501 582 posuerunt
523 530 637 579 cum
660 513 844 561 civibus
882 514 943 562 de
974 514 1144 563 validis
1174 515 1524 563 munitionibus
1559 517 1662 565 sine

233 609 372 641 mora
405 592 632 640 adversus
664 593 899 640 Palatium
922 603 968 641 et
988 596 1206 642 Castrum
1231 595 1530 643 exstruendis
1558 614 1663 644 mu-

232 671 515 736 niendisque
548 670 784 719 machinis
807 682 855 719 et
882 671 1162 721 bombardis
1185 709 1198 734 ‚
1225 691 1324 738 quo
1356 674 1520 721 civitas
1554 692 1664 739 per-

233 759 464 796 maneret.
493 751 551 796 Et
572 758 676 796 tota
699 759 841 797 nocte
858 787 870 811 ,
892 751 952 797 *in
977 750 1144 816 plateis
1166 751 1335 799 vicinis
1358 761 1456 799 tam
1483 752 1662 801 Palatio

232 845 380 894 quam
411 830 608 891 Castro,
634 838 894 876 nocturnas
928 830 1099 877 armati
1123 829 1306 894 vigilias
1341 830 1582 893 fecerunt3
1617 842 1664 880 et

232 907 298 955 ita
318 923 416 955 nox
438 906 516 954 illa
540 923 599 954 eo
625 907 775 955 modo
798 907 981 972 absque
1001 908 1095 955 alio
1118 908 1406 973 pertransiit.

698 1106 1043 1152 CAPITULUM
1076 1108 1198 1152 XXI.

230 1228 372 1275 Quibus
388 1227 616 1277 pactionibus
633 1226 709 1263 dux
725 1227 954 1264 Summerseti
971 1236 1004 1263 et
1026 1227 1143 1263 caeteri
1159 1226 1301 1275 Anglici
1316 1226 1451 1263 dimissi
1470 1236 1552 1263 sunt
1568 1228 1665 1263 exire

277 1298 312 1324 et
326 1289 426 1324 abire
442 1287 488 1323 de
504 1287 640 1322 Palatio
662 1296 696 1323 et
712 1288 836 1323 Castro
853 1288 953 1324 urbis
970 1287 1206 1336 Rothomagi;
1225 1295 1260 1323 et
1275 1286 1320 1323 de
1334 1288 1555 1323 Francorum
1574 1288 1667 1336 regis

277 1348 437 1396 ingressu
452 1348 490 1384 in
506 1348 669 1384 eamdem
684 1349 824 1385 urbem.

297 1460 352 1504 In
371 1456 579 1504 crastino
615 1465 776 1504 autem
804 1456 1125 1520 requisierunt
1154 1456 1252 1504 dux
1284 1457 1593 1504 Summerseti
1616 1467 1664 1505 et

230 1534 336 1597 alii,
362 1535 446 1601 qui
468 1552 635 1583 secum
658 1535 706 1582 in
730 1551 862 1583 arces
888 1535 1229 1600 confugerant,
1258 1546 1338 1598 ut,
1361 1540 1498 1601 Juxta
1523 1545 1663 1602 pacta

230 1630 337 1680 quae
364 1631 414 1662 se
444 1631 555 1662 cum
587 1615 726 1679 regiis
750 1615 1089 1663 commissariis
1125 1615 1289 1663 fecisse
1324 1616 1372 1662 in
1408 1615 1521 1664 villa
1558 1633 1664 1680 quae

229 1685 405 1745 dicitur
428 1696 600 1741 Portus
623 1693 1050 1754 Sancti-Audoeni,
1078 1693 1382 1755 asserebant,
1420 1694 1487 1742 eis
1519 1694 1665 1742 rebus

230 1780 279 1819 et
299 1770 443 1819 bonis
476 1760 585 1819 tuto*
612 1771 676 1819 ad
706 1787 790 1818 sua
822 1771 955 1819 abire
984 1771 1178 1819 liceret:
1202 1788 1345 1838 super
1366 1788 1464 1836 quo
1497 1788 1662 1819 coram

229 1867 364 1914 rege,
402 1850 487 1914 qui
520 1850 571 1897 in
610 1851 901 1898 monasterio
943 1850 1148 1916 praefatae
1187 1853 1373 1899 Sanctae
1402 1849 1664 1898 Catharinae

229 1928 500 1994 hospitatus
530 1937 660 1990 erat,
694 1945 781 1993 per
813 1928 915 1976 dies
938 1928 1171 1994 plurimos
1204 1929 1526 1994 disceptatum
1555 1928 1661 1976 fuit.

230 2003 326 2051 Sed
347 2020 460 2050 cum
497 2002 640 2050 nullis
663 2003 811 2068 pactis
835 2019 947 2050 cum
979 2004 1046 2051 eis
1073 2003 1207 2051 factis
1243 2020 1405 2068 regem
1442 2012 1524 2050 aut
1552 2019 1666 2050 suos

229 2081 411 2147 legatos
437 2099 518 2130 seu
551 2083 834 2130 commissos
873 2082 974 2130 fore
1013 2081 1266 2130 obstrictos
1297 2081 1484 2147 liquido
1519 2098 1665 2128 com—

231 2162 423 2227 pertum
443 2160 606 2208 fuisset
630 2198 641 2220 ‚
665 2160 799 2224 quod
819 2160 1046 2226 petebant
1067 2161 1265 2207 minime
1283 2198 1295 2221 ‚
1319 2168 1463 2225 prout
1482 2159 1666 2223 justum

232 2249 355 2301 erat,
384 2239 576 2287 fuerunt
595 2242 857 2287 consecuti.
886 2242 938 2286 ln
965 2239 1095 2287 dicto
1118 2239 1247 2287 enim
1265 2237 1667 2286 Sancti-Audoeni

234 2322 411 2381 Portu,
436 2318 585 2380 bene,
619 2319 745 2366 inter
774 2319 1099 2384 loquendum,
1138 2318 1292 2366 fuerat
1323 2317 1542 2365 oblatum
1571 2319 1666 2363 An-

234 2397 397 2463 glicis‚
424 2399 580 2464 quod,
607 2400 645 2447 si
680 2399 880 2447 civitatis
904 2410 952 2447 et
986 2400 1170 2447 arcium
1209 2398 1425 2463 ejusdem
1458 2407 1666 2463 sponta-

235 2494 377 2526 neam
400 2477 696 2526 deditionem
723 2478 876 2526 facere
898 2478 1106 2538 vellent,
1133 2477 1268 2543 quod
1294 2495 1374 2524 rex
1405 2493 1489 2524 eos
1516 2475 1669 2523 libere

236 2573 348 2604 cum
363 2555 508 2603 bonis
531 2557 627 2604 suis
650 2556 711 2605 ad
728 2574 814 2605 sua
832 2555 1012 2623 oppida
1027 2556 1159 2604 abire
1178 2556 1498 2622 permitteret:
1519 2570 1667 2618 quam

238 2633 534 2682 oblationem
566 2635 656 2700 ipsi
680 2636 877 2683 minime
915 2635 1166 2685 admittere
1187 2634 1446 2682 voluerunt
1468 2650 1480 2693 ;
1508 2631 1638 2678 unde
1654 2667 1668 2691 ‚

238 2729 351 2760 cum
382 2729 484 2760 non
524 2729 609 2778 per
644 2714 798 2779 ipsos,
825 2702 910 2761 sed
944 2730 1031 2779 per
1062 2713 1189 2760 cives
1225 2712 1412 2777 potiuS‚
1439 2710 1506 2757 eis
1528 2709 1670 2757 valde

240 2790 400 2838 invitis
418 2827 431 2851 ,
460 2790 642 2838 deditio
678 2791 802 2839 facta
836 2790 1335 2851 fuisset‚'conditione
1370 2788 1582 2847 defecta,
1609 2788 1672 2835 ad

242 2867 361 2916 nihil
384 2869 452 2917 eis
471 2869 629 2934 gratiae
648 2886 732 2917 rex
754 2887 812 2918 ex
829 2869 1110 2934 hujusmodi
1131 2867 1376 2915 oblatione
1401 2865 1669 2914 tenebatur.
