2086 3528
723 353 871 390 LIBER
898 348 1129 399 QUINTUS.
1563 352 1640 389 263

214 436 446 500 Jactanter
466 434 671 501 plurima
697 435 948 482 vanissime
981 435 1307 493 enuntiarent,
1334 433 1452 481 nihil
1480 444 1638 481 tamen

140 517 147 526 ’
217 513 318 560 ausi
338 523 448 560 sunt
467 514 515 560 in
539 512 881 560 Nor-manniam
906 522 1153 559 attentare.

250 620 255 624 ·
286 590 559 638 Adventans
581 590 740 655 itaque
769 607 850 637 rex
874 606 986 636 cum
1015 590 1223 636 exercitu
1251 588 1308 635 ad
1338 598 1485 635 terras
1511 588 1639 649 illas,

194 679 199 691 ·
220 666 363 714 simul
385 667 433 714 et
457 683 570 714 cum
591 666 754 714 multis
778 665 1011 714 machinis
1038 676 1085 713 et
1105 674 1335 731 apparatu
1358 664 1492 726 belli,
1518 681 1642 711 non·

221 742 373 791 nullas
395 744 608 791 civitates
639 753 686 790 et
717 743 933 801 castella,
961 759 1065 807 quae
1091 743 1250 790 minus
1274 741 1428 789 valide
1459 742 1644 788 munita

219 831 381 879 erant,
424 819 606 884 absque
656 836 832 884 magno
877 817 1070 883 negotio
1111 819 1307 883 recepit.
1350 817 1495 876 Quod
1533 833 1645 864 cum

221 897 429 959 fecisset,
457 898 692 963 oppidum
716 897 961 962 quoddam
995 896 1313 956 Castellionis,
1338 895 1482 959 vulgo
1521 897 1643 941 Cas-

222 974 386 1022 tz'll0n¹
411 985 770 1041 nuncupatum,
807 984 1036 1039 tanquam
1064 973 1155 1021 sihi
1186 972 1248 1021 ad
1279 973 1506 1020 ulteriora
1538 971 1645 1037 'per-

222 1051 425 1100 ficienda
455 1053 798 1111 necessarium,
824 1051 1035 1099 obsideri
1066 1051 1199 1111 fecit,
1226 1061 1272 1098 et
1296 1060 1463 1098 contra
1487 1051 1645 1115 ipsum

220 1140 375 1178 castra
403 1130 588 1178 metari.
621 1133 741 1177 Cum
772 1139 931 1178 autem
959 1139 1082 1176 esset
1103 1129 1151 1175 in
1182 1127 1444 1191 Burdegala
1474 1127 1645 1192 praedi-

222 1218 327 1256 ctus
362 1195 589 1256 dominus
624 1208 684 1255 de
713 1206 904 1254 Talebot
922 1223 1033 1254 curn
1063 1206 1227 1254 multis
1249 1204 1450 1269 Anglicis
1480 1214 1527 1252 et
1557 1220 1646 1251 no-

222 1285 397 1334 bilibus
441 1303 497 1335 ac
539 1286 731 1352 populis
758 1285 1029 1345 Vasconiae,
1074 1295 1172 1331 tam
1216 1282 1457 1347 equitibus
1501 1298 1644 1346 quam

222 1363 490 1430 peditibus,
533 1380 677 1428 quem
722 1379 883 1411 secum
921 1378 1290 1426 congressurum
1334 1360 1435 1407 fore
1481 1360 1647 1406 Franci

222 1442 333 1490 satis
349 1441 664 1489 verisimiliter
679 1441 1057 1506 suspicabantur,
1079 1450 1125 1487 et
1144 1439 1276 1504 quod
1295 1449 1505 1486 castrum
1529 1437 1645 1484 illud

223 1518 520 1568 Castellionis
544 1519 810 1579 obsessum,
838 1528 889 1565 ut
907 1519 1127 1584 praesumi
1153 1527 1354 1583 poterat,
1384 1516 1521 1582 perdi
1548 1531 1645 1562 non

223 1598 399 1644 sineret
434 1596 761 1656 indefensum,
799 1596 959 1643 castra'
987 1613 1072 1643 sua
1102 1595 1430 1661 potentissime
1465 1593 1649 1639 munie-
1722 1607 1729 1612 ·

222 1685 352 1722 runt.
394 1678 536 1722 Fossa
569 1675 698 1722 enim
737 1675 827 1721 alta
863 1685 909 1722 et
944 1691 1113 1739 aggere
1147 1674 1313 1721 eadem
1348 1673 1645 1732 munientes,

226 1753 368 1800 etiam
402 1769 687 1816 magnarum
716 1752 893 1799 robore
925 1752 1153 1800 arborum
1191 1769 1277 1816 per
1310 1750 1562 1798 circuitum
1593 1765 1650 1795 ea

224 1832 501 1892 cinxerunt,
538 1830 772 1878 machinis
800 1830 937 1892 belli,
972 1847 1091 1895 quas
1122 1830 1418 1895 serpentinas
1446 1838 1494 1876 et
1522 1828 1651 1875 colu·

223 1908 387 1956 brinas
414 1907 680 1974 appellant,
717 1908 1050 1956 densissimum
1083 1925 1167 1974 per
1196 1917 1350 1954 totum
1383 1916 1648 1954 castrorum

224 1984 460 2033 ambitum
485 1995 801 2049 apponentes.

295 2065 404 2111 Erat
432 2072 545 2111 tunc
574 2064 621 2110 in
658 2064 919 2110 ministerio
947 2064 1069 2127 regis
1104 2066 1419 2122 Francorum,
1451 2078 1649 2126 genera·

223 2142 331 2189 liter
349 2158 495 2206 super
511 2157 680 2188 omnes
707 2141 950 2189 machinas
972 2151 1018 2188 et
1040 2141 1236 2188 bellicos
1254 2150 1510 2206 apparatus
1530 2157 1651 2205 prae-

226 2219 434 2285 positus,
460 2219 683 2282 magister
709 2219 952 2267 Johannes
977 2223 1193 2272 Bareaa,
1220 2219 1336 2265 civis
1356 2218 1647 2282 parisiensis,

226 2298 298 2344 vir
338 2296 534 2362 quidam
576 2297 790 2362 plebeius
819 2300 833 2321 ²
876 2308 923 2344 et
965 2306 1143 2344 statura
1183 2297 1402 2361 corporis
1445 2311 1646 2360 parvus,

226 2391 396 2422 verum
433 2373 585 2422 audax
619 2384 665 2421 et
696 2375 859 2421 animo
886 2390 1114 2438 magnus,
1144 2374 1227 2438 qui
1258 2373 1306 2420 in
1332 2390 1420 2419 usu
1446 2383 1494 2420 et
1519 2388 1651 2419 exer-

281 2543 320 2580 1.
352 2538 807 2591 Castillon-de-Perigord
823 2568 834 2586 ,
863 2538 1111 2587 aujourd’hui
1136 2539 1231 2577 dans
1256 2539 1293 2576 le
1315 2538 1582 2589 departement
1603 2534 1651 2573 de

226 2601 263 2639 la
283 2599 475 2647 Gironde,
496 2598 823 2637 arrondissement
841 2598 889 2637 de
908 2598 1117 2638 Liboume.

281 2662 319 2699 2.
350 2660 485 2698 C'etait
510 2658 699 2710 l'opinion
731 2658 778 2696 de
809 2666 890 2696 tout
915 2658 951 2696 le
977 2658 1118 2697 monde
1145 2658 1193 2696 de
1221 2670 1290 2696 son
1315 2664 1451 2706 temps.
1478 2654 1594 2692 Aussi
1615 2653 1652 2691 la

227 2719 543 2758 reconnaissance
565 2717 613 2755 de
638 2716 816 2755 noblesse
840 2717 935 2768 qu'il
958 2718 1085 2755 aurait
1108 2717 1175 2755 fait
1195 2717 1289 2754 faire
1311 2727 1381 2766 par
1402 2714 1560 2751 ‹than-les
1581 2715 1654 2751 VII

228 2792 275 2817 en
297 2781 418 2828 1447,
439 2787 477 2817 et
492 2777 587 2816 dont
602 2777 800 2828 Godefroy
815 2791 837 2815 a
858 2777 985 2816 donne
1004 2777 1041 2816 le
1059 2779 1187 2824 texte(
1202 2779 1302 2813 Hist.
1321 2777 1369 2810 de
1384 2774 1539 2812 charles
1559 2775 1596 2809 V
1597 2775 1642 2809 ῙΙ
1642 2802 1652 2819 ,

229 2852 268 2890 p.
293 2840 401 2887 876),
421 2837 572 2876 est-elle
590 2837 663 2875 fort
680 2845 869 2888 suspecte.
