2086 3528
515 340 589 376 164
894 334 1230 393 HISTORIARUM
1257 336 1437 374 CAROLI
1463 337 1533 373 VII

513 431 653 487 atque
675 418 1024 483 indisciplinata
1064 417 1250 478 militia,
1286 419 1498 484 profecto
1532 420 1696 467 omnia
1715 419 1916 486 popula-

510 500 627 547 bant
657 507 798 560 atque
839 494 1096 543 vastabant.
1126 495 1265 542 Cives
1294 505 1453 544 autem
1490 496 1664 561 quibus
1693 496 1757 545 ad
1782 492 1917 544 tuen·

511 576 622 623 dam
655 573 922 619 libertatem
939 608 952 632 ,
982 588 1076 636 qua
1100 588 1185 637 per
1207 572 1355 620 multa
1383 574 1650 621 centenaria
1678 589 1915 622 annorum

508 651 647 717 potiti
673 660 783 697 sunt
799 687 811 710 ,
837 665 992 714 neque
1028 649 1203 707 animi,
1229 666 1384 714 neque
1409 667 1525 716 opes
1556 647 1780 710 deerant',
1806 667 1916 698 cum

509 729 570 776 ad
593 727 827 792 stipendia
850 743 934 773 sua
955 727 1140 774 circiter
1162 727 1288 777 mille
1311 738 1392 774 aut
1424 729 1708 792 quingentos
1737 728 1917 792 equites

507 806 738 854 haberent
752 841 765 862 ,
795 805 1031 852 civitatem
1052 821 1186 852 suam
1208 804 1401 852 viriliter
1419 814 1467 873 et
1487 815 1706 871 potenter
1727 823 1754 853 a
1771 809 1916 861 Fran-

506 886 573 933 cis
610 884 879 932 tuebantur.
930 887 985 930 Et
1022 883 1196 930 multos
1235 900 1356 948 saepe
1395 901 1450 931 ex
1482 884 1671 931 Francis
1708 884 1792 948 qui
1832 881 1918 949 per

505 981 642 1029 agros
655 974 702 1011 et
717 963 848 1011 villas
862 1001 873 1022 ,
893 963 992 1010 sine
1010 963 1104 1009 ulla
1121 962 1296 1009 militiae
1309 962 1620 1028 dispositione
1637 962 1714 1010 vel
1728 961 1914 1023 ordine,
1963 1027 1966 1031 .

507 1042 815 1106 vagabantur,
834 1042 1044 1106 captivos
1064 1039 1302 1087 ducebant
1320 1040 1380 1087 ad
1401 1056 1535 1087 suam
1548 1040 1800 1087 civitatem.
1822 1042 1918 1087 Cu-

501 1120 578 1183 jus
617 1120 812 1185 quidem
851 1119 1056 1166 interdiu
1095 1129 1256 1183 portas
1294 1119 1488 1165 minime
1527 1117 1706 1165 clausas
1747 1126 1916 1167 tenue-

504 1206 641 1254 runt,
662 1206 715 1242 ut
729 1213 780 1242 se
802 1205 848 1242 et
863 1196 925 1242 ad
943 1195 1000 1242 de
1008 1195 1271 1242 sensionem
1289 1212 1383 1242 suae
1402 1194 1629 1242 libertatis
1649 1194 1913 1254 animosos,

502 1283 549 1320 et
573 1273 703 1321 illam
723 1274 834 1320 -sine
865 1273 1034 1320 ordine
1058 1290 1114 1320 ex
1137 1274 1298 1320 castris
1321 1273 1518 1320 effusam
1539 1289 1626 1338 per
1648 1289 1760 1320 suos
1781 1288 1917 1336 agros

502 1349 857 1396 multitudinem
884 1366 1054 1415 parum
1075 1359 1155 1397 aut
1178 1350 1294 1396 nihil
1317 1351 1484 1397 timere
1504 1349 1824 1398 ostenderent.

568 1429 686 1475 Satis
710 1438 869 1475 autem
892 1428 1120 1475 indicavit
1142 1445 1225 1476 rex
1245 1429 1440 1475 Carolus
1461 1445 1561 1475 non
1585 1428 1724 1476 fuisse
1745 1444 1919 1493 propo-

501 1507 576 1553 siti
607 1508 679 1554 sui
713 1518 795 1554 aut
832 1509 1106 1555 intentionis
1143 1508 1313 1555 urbem
1347 1508 1473 1555 illam
1507 1508 1582 1555 vel
1605 1507 1823 1555 obsidere
1844 1507 1918 1556 vel

500 1600 799 1648 expugnare,
837 1602 947 1632 cum
985 1585 1044 1632 ad
1075 1601 1180 1632 eam
1209 1596 1361 1632 castra
1395 1585 1524 1632 nulla
1547 1584 1813 1632 admoverit
1833 1601 1916 1632 seu

501 1660 760 1708 collocarit.
789 1664 884 1708 Nec
901 1699 912 1721 ‚
939 1662 977 1708 si
1009 1661 1103 1708 hoc
1129 1662 1281 1709 facere
1317 1671 1610 1722 attentasset,
1638 1662 1771 1710 facile
1803 1670 1917 1709 tunc

500 1741 819 1805 adimplesset.
852 1738 974 1788 Cum
1010 1743 1138 1789 enim
1163 1742 1324 1789 civitas
1364 1743 1423 1789 sit
1455 1742 1607 1803 vallo,
1646 1741 1912 1800 moenibuS‚

501 1817 709 1864 turribus
740 1828 882 1883 atque
917 1819 1149 1866 machinis
1180 1819 1292 1866 belli
1329 1819 1669 1878 munitissima,
1707 1835 1916 1884 semper-

501 1912 593 1958 que
617 1897 759 1942 etiam
777 1933 788 1957 ,
809 1913 944 1960 perne
975 1913 1064 1960 pro
1087 1897 1286 1943 biennio
1302 1933 1314 1957 ,
1336 1913 1530 1944 annona
1551 1897 1614 1944 ad
1634 1895 1812 1945 bellum
1832 1913 1915 1943 ne-

502 1977 700 2023 cessaria
735 1978 923 2041 provisa
961 1987 1007 2024 et
1040 1977 1237 2038 referta,
1273 1978 1566 2043 haberetque
1600 1987 1716 2026 tunc
1745 1975 1916 2024 milites

501 2070 612 2100 cum
645 2055 825 2119 populo
858 2072 1058 2101 numero
1089 2054 1340 2102 sufficienti
1372 2072 1461 2120 pro
1495 2055 1710 2102 custodia
1736 2064 1914 2102 etaemu-

502 2134 682 2180 nimine
700 2135 797 2195 sui,
827 2150 925 2180 non
949 2134 1109 2180 fuisset
1130 2143 1244 2180 tunc
1270 2133 1401 2180 facile
1425 2134 1521 2197 regi
1546 2143 1627 2180 aut
1641 2132 1774 2180 alteri
1790 2132 1916 2198 prin-

502 2210 598 2275 cipi
621 2211 760 2257 talem
783 2211 951 2258 urbem
973 2228 1030 2258 ex
1054 2210 1268 2258 libertate
1300 2211 1348 2257 in
1372 2221 1506 2258 suam
1529 2211 1741 2274 redigere
1765 2210 1916 2258 servi-

504 2297 670 2335 tutem.
708 2290 843 2353 Regis
867 2299 1025 2337 tamen
1059 2289 1223 2335 Renati
1257 2288 1319 2336 ad
1352 2288 1552 2336 alterum
1580 2305 1775 2348 eorum,
1809 2304 1914 2353 quae

504 2364 707 2412 diximus
723 2405 736 2423 ,
764 2367 1063 2431 propositum
1083 2375 1225 2430 atque
1247 2367 1447 2413 intentio
1474 2366 1762 2414 ferebantur.
1785 2365 1914 2425 Quid

502 2451 661 2489 autem
679 2458 757 2489 rex
774 2442 969 2489 Carolus
994 2442 1276 2502 intenderet,
1303 2443 1454 2490 exitus
1478 2444 1546 2490 rei
1569 2459 1749 2508 magnae
1772 2452 1914 2507 atque

501 2520 701 2567 difficilis
730 2536 871 2584 quam
895 2520 988 2566 illic
1018 2521 1157 2582 gessit
1174 2556 1186 2580 ,
1216 2521 1324 2567 satis
1363 2537 1388 2566 e
1420 2521 1616 2584 vestigio
1637 2520 1907 2568 declaravit.

502 2602 622 2647 Cum
644 2600 772 2646 enim
796 2599 936 2645 nimis
958 2615 1128 2662 magna
1146 2609 1192 2645 et
1215 2599 1414 2646 confusa
1432 2609 1572 2663 atque
1592 2600 1692 2647 sine
1715 2598 1906 2660 ordine,

500 2688 552 2724 ut
591 2695 712 2743 saepe
751 2676 978 2737 diximus,
1007 2676 1259 2723 ferentium
1290 2693 1423 2725 arma
1460 2694 1545 2743 per
1577 2688 1732 2725 totum
1765 2680 1910 2725 Fran-

500 2772 666 2802 corum
702 2772 901 2819 regnum
936 2754 1192 2802 multitudo
1230 2765 1504 2817 vagaretur,
1553 2771 1760 2820 quorum
1799 2770 1909 2820 pars

499 2833 677 2895 major,
716 2833 895 2897 absque
926 2831 1163 2897 stipendio
1187 2842 1367 2879 armata
1394 2832 1643 2895 incedens,
1673 2849 1771 2881 non
1794 2831 1907 2879 hos-

2068 278 2074 287 ,
1999 0 2086 247 ...mai

2079 836 2082 848 -
2073 778 2086 803 ς.
2072 730 2086 746 ¹.
2068 422 2086 715 *ux-nfiffss-:v'z‘v-”f‘
2062 383 2081 409 ⁴„
2067 355 2073 359 ‘
