2086 3528
724 384 870 425 LIBER
899 384 1130 436 QUINTUS·
1562 393 1640 430 293

218 469 458 517 variarum
486 468 627 516 etiam
653 470 867 532 gentium
899 480 946 518 et
981 470 1253 536 linguarum
1290 489 1397 539 quae
1425 474 1638 539 ejusdem

217 548 341 610 regis
383 546 617 612 parebant
650 548 872 613 imperio.
910 552 1159 598 Venerunt
1193 563 1355 600 autem
1388 556 1592 602 Turonis
1608 558 1638 616 ¹,

215 623 302 672 ubi
327 634 443 671 tunc
466 627 758 672 Francorum
782 627 906 690 regis
923 664 935 686 ‚
961 637 1008 674 et
1032 627 1082 674 in
1105 628 1396 692 quibusdam
1418 631 1642 695 adjacen-

215 703 345 751 tibus
392 702 620 765 castellis·‚
664 705 889 769 frequens
930 705 1101 770 agebat
1133 709 1390 756 comitatus
1413 727 1425 769 ;
1470 726 1496 756 a
1542 727 1641 774 quo

215 781 490 846 magnifice,
520 792 572 829 ut
590 800 675 848 par
697 794 815 846 erat,
837 785 1076 850 suscepti,
1100 802 1174 832 res
1197 803 1287 851 pro
1308 786 1482 851 quibus
1507 799 1645 836 erant

215 859 466 918 destinati,
498 869 595 907 tam
623 877 765 926 super
783 861 1092 908 matrimonio
1121 878 1267 926 quam
1292 880 1435 928 super
1462 864 1642 913 foedere

215 947 263 985 et
284 936 479 1002 ligantia
501 938 626 985 inter
650 937 820 986 ambos
843 956 978 1004 reges
996 976 1008 1000 ,
1041 956 1130 1004 pro
1149 950 1266 987 voto
1287 957 1374 988 suo
1406 941 1639 1007 adimple-

215 1026 344 1064 runt.
371 1019 489 1075 Quae
510 1017 727 1082 profecto
750 1028 917 1066 contra
940 1035 989 1066 se
1012 1019 1088 1083 agi
1122 1019 1521 1084 Burgundionum
1543 1021 1641 1068 dux

136 1111 141 1116 ’
215 1094 414 1143 minime
436 1094 705 1160 ignorabat.

279 1173 374 1221 Sed
411 1191 521 1222 ecce
555 1184 752 1240 repente
789 1175 1096 1224 Providentia
1128 1176 1235 1236 illa,
1277 1193 1414 1241 quae,
1453 1194 1509 1224 ex
1546 1178 1641 1226 alto

214 1262 388 1300 cuncta
411 1263 742 1319 prospectans,
770 1255 932 1301 omnia
953 1255 1094 1320 regit,
1122 1256 1285 1303 omnia
1307 1256 1583 1304 moderatur
1596 1268 1644 1305 et

216 1330 479 1394 gubernat,
518 1349 683 1395 regum
719 1332 917 1378 consilia
951 1332 1001 1378 in
1033 1332 1220 1379 irritum
1245 1343 1291 1380 et
1322 1333 1528 1381 nihilum
1562 1334 1643 1382 de-

216 1408 369 1455 duxit.
398 1411 519 1456 Cum
541 1410 669 1456 enim
703 1409 817 1455 dicti
848 1411 1100 1473 Hungariae
1129 1409 1271 1475 legati
1304 1411 1534 1476 (quorum
1560 1429 1642 1459 co·

218 1487 411 1535 mitatus
429 1486 551 1534 ultra
574 1496 934 1551 nongentorum
957 1488 1170 1551 equitum
1184 1504 1457 1549 numerum,
1476 1499 1646 1554 praeter

215 1582 385 1612 currus
407 1575 454 1613 et
475 1565 729 1630 quadrigas
752 1565 983 1630 plurimos
999 1601 1011 1625 ,
1041 1582 1141 1612 esse
1166 1565 1423 1629 ferebatur)
1438 1604 1450 1628 ‚
1478 1566 1569 1614 laeti
1600 1577 1643 1614 et

215 1643 393 1692 alacres
433 1643 567 1708 quod
603 1659 691 1690 suo
725 1643 996 1707 potirentur
1030 1642 1294 1703 desiderio,
1334 1643 1496 1709 plures
1534 1661 1644 1691 cum

214 1723 395 1787 ingenti
425 1722 583 1769 laetitia
612 1721 713 1768 dies
741 1731 1004 1785 noctesque
1026 1722 1230 1769 Turonis
1262 1723 1643 1785 transegissent²,

214 1815 304 1846 nec
325 1808 502 1846 restare
531 1799 632 1863 jam
654 1798 785 1846 aliud
806 1798 1065 1858 videretur,
1092 1799 1183 1845 nisi
1206 1815 1434 1864 sponsam
1457 1799 1518 1847 ad
1543 1817 1645 1847 ma-

215 1878 363 1924 ritum
399 1876 737 1924 deducendam
771 1877 1011 1942 recipere,
1049 1893 1159 1924 ecce
1191 1878 1435 1942 insperato
1459 1878 1521 1926 ad
1543 1896 1648 1926 eos-

216 1956 327 2004 dem
363 1955 566 2020 lugubre
603 1965 651 2003 et
683 1955 947 2002 infaustum
974 1954 1114 2002 valde
1149 1955 1210 2003 de
1243 1954 1382 2003 obitu
1415 1958 1537 2020 regis
1571 1958 1645 2005 sui

216 2035 442 2081 nuntium
466 2032 696 2092 defertur,
714 2033 918 2080 factione
935 2032 1186 2096 cujusdam
1210 2033 1412 2081 Bohemi
1438 2035 1642 2094 militis³‚

216 2114 278 2162 ad
296 2114 454 2179 ipsum
478 2112 717 2160 Bohemiae
740 2129 943 2176 regnum
967 2129 1052 2177 per
1074 2111 1358 2176 hujusmodi
1381 2113 1513 2161 nei'as
1538 2131 1646 2179 per-

216 2192 379 2239 venire
401 2189 656 2238 ambientis
675 2209 684 2236 :
713 2200 858 2255 prout
875 2190 934 2236 de
950 2189 1072 2237 facto
1092 2191 1326 2254 pervenit.
1346 2191 1451 2238 Fuit
1466 2192 1646 2257 quippe

216 2286 296 2316 rex
329 2268 614 2316 Laneelotus
635 2284 825 2316 veneno
850 2268 1141 2315 exstinctus:
1167 2284 1395 2332 magnum
1424 2270 1645 2334 profecto

218 2348 307 2396 toti
338 2347 679 2394 Christianitati
703 2346 879 2394 vulnus
914 2343 1173 2393 inflictum!
1211 2348 1332 2394 Nam
1370 2365 1481 2394 cum
1517 2347 1645 2394 idem

212 2426 403 2490 juvenis
438 2426 658 2474 omnium
686 2442 854 2489 regum
883 2424 1260 2472 christianorum
1288 2425 1648 2490 potentissimus

273 2601 312 2638 1.
342 2598 559 2639 Decembre
579 2601 697 2637 1457.

273 2662 314 2698 2.
344 2659 401 2698 Cf.
424 2661 520 2697 Jean
546 2658 736 2706 Chartier,
762 2671 802 2710 p.
828 2659 929 2706 296,
954 2667 992 2696 et
1014 2658 1052 2696 la
1072 2658 1235 2697 relation
1260 2672 1309 2697 en
1330 2659 1546 2706 allemand,
1574 2674 1648 2711 pu-

217 2718 319 2757 blice
342 2732 413 2770 par
438 2717 664 2756 l’academie
689 2717 738 2756 de
764 2717 911 2755 Vienne
941 2716 1036 2755 dans
1062 2717 1117 2756 les
1151 2721 1283 2756 Fontes
1311 2732 1436 2755 reram
1469 2720 1648 2755 Austrin—

220 2793 369 2827 carum,
396 2777 550 2829 d'apres
574 2777 612 2816 le
638 2780 764 2828 Copey
788 2776 878 2814 bach
904 2778 974 2813 der
995 2779 1190 2827 gemeinen
1221 2781 1306 2817 Stat
1331 2780 1466 2826 Uliam,
1497 2786 1523 2814 t.
1556 2780 1623 2816 VII
1640 2810 1650 2829 ,

222 2842 325 2879 1853
340 2869 351 2889 ,
370 2839 486 2877 in-80.

276 2902 313 2938 3.
347 2901 500 2953 George
520 2898 750 2952 Pogiebrad.
