2086 3528
533 369 611 408 150
921 363 1265 404 HISTORIARUM
1290 364 1472 404 GAROLI
1499 365 1569 402 V11

517 468 672 501 ‚suum
699 447 997 515 deposuisset
1021 447 1322 510 universum,
1359 447 1445 512 qui
1473 446 1689 512 profecto
1723 455 1823 497 erat
1844 462 1943 498 nou

531 531 690 578 minus
706 542 850 592 quam
872 525 1040 575 decem
1054 523 1258 574 millium
1279 526 1494 589 equitum
1511 562 1523 586 ,
1549 524 1667 576 alios
1687 524 1947 590 Anglorum

529 606 769 672 principes
800 620 856 652 ac
888 602 1035 652 duces
1057 611 1370 652 contemnens
1387 639 1399 663 ,
1424 602 1508 668 qui
1521 603 1806 668 Rothomagi
1825 602 1947 654 exsi-

530 684 736 744 stebant,
749 680 967 747 regimini
985 681 1130 731 totius
1147 680 1404 746 provinciae
1419 681 1768 742 incumbenteS,
1789 681 1852 732 ad
1871 696 1948 733 ar·

529 779 648 811 cana
673 761 894 827 quaedam
916 759 1242 825 exsequenda,
1275 775 1381 824 quae
1409 760 1548 809 sciret
1569 759 1699 811 solus
1725 776 1815 809 nec
1844 759 1948 810 cui-

530 847 677 905 quam
729 837 1006 888 mortalium
1023 874 1037 900 ,
1086 837 1244 885 donec
1299 836 1659 887 absolverentur
1679 873 1692 898 ‚
1750 837 1949 889 duceret

527 917 783 965 revelanda
805 934 890 964 seu
912 914 1329 977 communicanda,
1350 915 1567 967 animum
1581 915 1805 966 intendit.
1825 917 1949 966 Cum

529 996 658 1042 enim
706 995 783 1043 vel
819 1012 846 1042 a
881 994 1083 1042 ducibus
1128 994 1202 1042 vel
1247 1009 1276 1041 a
1322 993 1581 1054 militibus,
1619 994 1794 1059 quibus
1848 1003 1949 1043 erat

529 1073 788 1138 imperator
812 1073 948 1132 datus
965 1109 977 1132 ,
1012 1088 1134 1138 saepe
1163 1071 1224 1119 de
1251 1088 1310 1120 eo
1344 1071 1479 1137 quod
1511 1087 1648 1136 agere
1679 1071 1949 1119 intenderet

528 1168 612 1199 seu
632 1161 927 1217 proponeret
946 1151 1335 1215 interrogaretur,
1362 1165 1538 1214 magno
1561 1166 1673 1196 cum
1698 1150 1845 1197 animi
1863 1159 1949 1198 tu·-

528 1246 664 1276 more
689 1239 740 1277 et
758 1228 1010 1294 supercilio
1036 1229 1194 1293 gravi,
1227 1228 1349 1275 nihil
1372 1227 1503 1276 aliud
1524 1228 1575 1275 in
1602 1229 1840 1294 responsis
1860 1228 1978 1276 da·-

528 1307 635 1366 bat,
670 1317 724 1354 ut
760 1306 904 1371 vulgo
939 1306 1054 1354 hinc
1090 1305 1359 1367 ferebatur,
1408 1305 1500 1352 nisi
1536 1304 1696 1370 quod‘,
1734 1306 1772 1352 si
1810 1305 1950 1354 sciret

527 1386 705 1434 lineam
739 1386 1014 1446 camisiam,
1048 1400 1195 1449 quam
1236 1384 1298 1432 ad
1336 1400 1531 1432 carnem
1567 1382 1823 1446 vestiebat,
1855 1400 1950 1432 suae

527 1463 807 1510 intentionis
836 1473 882 1509 et
910 1462 1146 1528 propositi
1168 1462 1269 1509 fore
1303 1463 1574 1520 consciam,
1608 1478 1714 1509 eam
1732 1462 1951 1528 protinus

527 1540 854 1588 combustioni
888 1540 1192 1587 contraderet
1218 1558 1229 1587 t
1268 1549 1366 1588 tam
1403 1540 1580 1589 elatum
1611 1549 1758 1604 atque
1792 1555 1950 1588 secre—

531 1627 634 1664 tum
665 1633 766 1665 esse
800 1617 1027 1683 cupiebat
1060 1617 1267 1665 arduum
1297 1618 1418 1666 illud
1451 1628 1499 1667 et
1531 1618 1763 1666 eximium
1792 1633 1946 1684 opus,

528 1697 663 1762 quod
681 1714 729 1745 se
742 1696 1116 1763 adimpleturum
1131 1697 1221 1749 sibi
1238 1699 1339 1763 ipse
1350 1696 1661 1764 promiserat!
1681 1697 1827 1756 Quod
1849 1697 1950 1761 ejus

530 1777 694 1841 utique
720 1777 1021 1842 propositum
1038 1815 1052 1839 ,
1080 1777 1142 1825 de
1172 1777 1462 1825 occultando
1487 1795 1593 1843 quae
1621 1793 1758 1843 agere
1786 1776 1949 1825 animo

530 1855 742 1918 gestiret,
780 1856 938 1920 ipsum
977 1872 1079 1902 non
1113 1871 1309 1921 prorsus
1350 1872 1442 1904 nec
1476 1857 1678 1903 omnino
1713 1854 1944 1903 fefellerit.

530 1933 660 1981 Adeo
680 1935 810 1980 enim
825 1943 1060 1982 secretum
1078 1935 1355 2000 permansit,
1374 1944 1428 1982 ut
1449 1934 1670 1982 nondum
1689 1933 1807 1999 quid
1823 1947 1952 1981 exse-

529 2012 612 2077 qui
637 2013 853 2076 gestiret,
881 2029 971 2060 nec
992 2029 1021 2060 a
1043 2029 1117 2074 se,
1143 2029 1233 2060 nec
1261 2012 1322 2059 ab
1351 2012 1446 2060 alio
1471 2013 1583 2060 satis
1615 2011 1678 2060 ad
1711 2010 1950 2076 liquidum

528 2091 786 2155 comperiri
830 2090 1040 2155 potuerit
1068 2107 1079 2135 ε
1114 2099 1213 2137 tam
1244 2090 1387 2155 parvi¹
1406 2090 1641 2138 momenti
1679 2099 1727 2137 et
1770 2088 1948 2137 nullius

529 2170 747 2217 efficaciae
770 2169 1054 2217 fueruntilla
1075 2185 1180 2233 quae
1202 2185 1364 2231 gerere
1383 2177 1453 2216 est
1470 2185 1716 2233 aggressus
1736 2167 1747 2216 !

518 2264 525 2268 ⁷
593 2248 773 2313 Spretis
806 2248 949 2312 igitur
971 2246 1191 2294 omnium
1214 2245 1489 2293 mortalium
1523 2246 1763 2311 consiliis,
1800 2247 1946 2298 solius

528 2326 599 2374 sui
637 2325 790 2372 fidens
823 2335 870 2372 et
890 2341 988 2372 suae
1023 2325 1213 2372 innixus
1244 2324 1508 2390 prudentiae
1528 2364 1541 2383 ,
1580 2326 1823 2375 associatis
1859 2327 1950 2376 sibi

530 2403 689 2452 multis
713 2420 771 2450 ex
809 2403 1044 2450 veteranis
1076 2402 1281 2450 ducibus
1314 2411 1361 2449 et
1395 2402 1623 2450 militibus
1654 2403 1943 2469 Anglorum,

529 2482 612 2547 qui
646 2481 731 2528 diu
755 2482 805 2528 in
829 2481 1025 2529 Francia
1047 2480 1327 2542 militarant,
1363 2480 1425 2528 ad
1449 2479 1567 2529 fines
1590 2482 1841 2531 Britanniae
1862 2486 1948 2532 Ar—

530 2560 721 2607 moricae
742 2560 1002 2606 exercitum
1024 2558 1250 2618 admovit,
1268 2557 1350 2605 ubi
1372 2559 1587 2624 quodam
1602 2570 1759 2609 castro
1773 2561 1950 2611 nullius

529 2654 663 2704 paene
686 2638 936 2698 momenti,
963 2636 1108 2703 vulgo
1133 2636 1370 2706 appellato
1400 2639 1701 2704 Laguiersae¹,
1727 2649 1944 2707 recepto,

582 2827 621 2863 1.
651 2824 761 2864 Lisez
779 2827 838 2863 La
854 2824 1034 2863 Guerche.
1055 2824 1156 2862 C’est
1173 2822 1211 2862 la
1228 2822 1406 2863 Guerche
1425 2823 1473 2864 de
1496 2828 1685 2881 Bretagne
1703 2829 1718 2877 (
1729 2825 1942 2866 Ille-et-Vi-

530 2885 647 2934 laine)
661 2915 671 2934 ,
690 2884 757 2937 qui
777 2884 1016 2938 appar-tenuit
1034 2884 1136 2924 alors
1157 2898 1207 2924 au
1226 2883 1302 2923 duc
1321 2884 1545 2937 d'Alencon.
