2086 3528
1979 0 2016 18 w

2077 139 2086 155 A

2079 171 2086 202 f

584 406 661 443 198
956 403 1297 447 HISTORIARUM
1327 404 1508 450 CAROLI
1543 406 1613 443 VII

582 496 914 552 contemptum
946 497 1187 552 patratum
1217 487 1358 540 fuisse
1393 488 1682 555 reputabant
1699 525 1711 549 ,
1741 498 2001 547 asem

581 564 756 628 Anglos
778 563 1033 628 fidefragos
1053 581 1112 612 ex
1135 564 1232 619 hoc
1259 566 1508 622 manifeste
1536 566 1874 632 comprobari,
1898 568 1999 633 jus-¹·

580 654 722 708 teque
759 660 787 691 a
820 644 1040 706 Francis,
1074 643 1250 709 quibus
1279 644 1425 696 fidem
1453 655 1700 710 pactarum
1723 656 1999 712 treugarum

578 721 778 769 minime
800 722 1131 781 servavissent,
1151 722 1269 786 quin
1288 738 1367 772 eas
1387 723 1549 790 potius
1566 723 1748 793 perfide
1771 733 1819 776 et
1837 725 2001 791 nequir

579 809 650 847 ter
681 799 962 860 violassent,
1003 816 1145 865 posse
1180 801 1248 854 eis
1279 798 1461 849 bellum
1498 800 1677 853 inferri.
1714 805 1773 849 Et
1802 801 1999 866 quidem

575 877 703 925 illico
740 878 806 925 ita
842 877 946 925 fieri
981 877 1161 926 debere
1191 877 1354 943 plures
1387 895 1447 927 ex
1473 882 1767 931 Francorum
1796 879 2000 935 ducibus
2032 923 2035 926 Α
2084 905 2086 910 ·

577 955 752 1004 Carolo
769 956 869 1020 regi
886 955 1168 1004 suadebant.
1185 959 1292 1021 Ipse
1309 972 1444 1016 vero,
1461 956 1544 1020 qui
1562 956 1715 1020 gravis
1729 966 1776 1009 et
1787 957 1999 1022 prudeus

575 1045 701 1095 erat,
738 1035 919 1100 quique
952 1034 1182 1099 justitiam
1215 1044 1263 1081 et
1294 1033 1442 1083 fidem
1479 1033 1813 1100 honoremque
1856 1052 1998 1087 suum

576 1113 801 1162 omnibus
833 1111 1178 1178 temporalibus
1213 1111 1483 1159 commodis
1513 1101 1849 1178 anteponeret,
1888 1113 1998 1166 cha*

575 1191 820 1255 rioresque
842 1188 1070 1250 haberet,
1095 1198 1278 1237 tantam
1295 1205 1398 1236 rem
1421 1197 1737 1254 properanter
1751 1199 1800 1243 et
1811 1191 1997 1243 concite

575 1268 944 1333 aggrediendam
977 1284 1078 1316 non
1109 1267 1322 1328 censuit,
1348 1268 1541 1326 volem,
1574 1266 1756 1320 nedum
1782 1284 1813 1317 a
1837 1269 1992 1333 malo,

576 1363 743 1394 verum
773 1347 916 1394 etiam
938 1345 1000 1395 ab
1023 1345 1158 1393 omni
1185 1345 1342 1411 specie
1369 1344 1498 1406 mali,
1527 1344 1661 1408 juxta
1681 1345 1998 1411 apostolicum

574 1436 883 1492 praeceptum,
904 1442 1074 1473 cavere
1095 1434 1143 1471 et
1164 1424 1418 1472 abstinere.
1449 1425 1498 1472 Si
1520 1424 1666 1485 enim,
1692 1432 1891 1491 repente
1914 1426 1997 1477 illo

572 1515 759 1569 patrato
782 1521 946 1570 opere,
977 1502 1133 1566 Anglis
1158 1502 1341 1550 bellum
1367 1502 1542 1551 inferre
1562 1513 1889 1569 properasset,
1913 1521 1997 1571 po·

573 1584 770 1631 tuissent
804 1584 964 1631 forsan
998 1583 1159 1630 hostes
1194 1582 1254 1629 de
1292 1598 1352 1629 eo
1391 1582 1577 1644 dicere,
1614 1582 1748 1646 quod
1777 1583 1909 1632 vafre
1943 1594 1997 1634 et

572 1660 739 1708 dolose
762 1661 853 1708 tale
877 1659 1181 1723 malignitatis
1198 1668 1528 1706 commentum
1546 1660 1649 1724 ipse
1667 1660 1864 1710 Carolus
1885 1679 1995 1711 cum

570 1739 653 1785 illo
689 1739 941 1785 Francisco
959 1775 972 1799 ,
1002 1737 1151 1784 milite
1181 1736 1448 1803 Celtibero,
1475 1735 1775 1786 machinatus
1798 1737 1990 1802 fuisset,

569 1826 643 1875 ut,
681 1816 771 1863 sub
809 1815 892 1863 illo
929 1823 1185 1881 praetextu,
1213 1824 1400 1878 treugas
1427 1831 1540 1862 cum
1563 1814 1678 1880 ipsis
1704 1815 1845 1864 initas
1863 1816 1994 1881 jura·
2021 1858 2027 1865 .

569 1903 731 1958 tasque
769 1892 1109 1958 abrumperet,
1151 1902 1198 1940 et
1232 1892 1299 1941 eis
1333 1908 1499 1947 earum
1527 1901 1778 1960 rupturam
1809 1893 1993 1960 calum·
2021 1940 2024 1944 .

568 1972 703 2018 niose
727 1971 1001 2036 imputaret.

633 2048 778 2105 Quod
810 2048 1044 2114 probrum
1080 2059 1223 2113 atque
1251 2049 1565 2113 ignominiam
1594 2048 1770 2098 evitare
1796 2050 1985 2118 volens,

566 2125 833 2191 nolensque
868 2127 1010 2175 talem
1042 2128 1091 2174 in
1121 2127 1271 2191 gloria
1300 2143 1385 2175 sua
1414 2128 1532 2193 poni
1565 2129 1831 2192 maculam,
1866 2149 1990 2199 pru-

564 2203 733 2251 denter
753 2221 808 2251 ac
830 2207 1068 2271 sapienter
1085 2205 1215 2252 idem
1231 2221 1314 2252 rex
1326 2204 1525 2252 Carolus
1543 2207 1767 2254 occurrit.
1790 2210 1989 2274 Legatos

563 2281 694 2328 enim
718 2282 879 2348 plures
914 2293 960 2330 et
987 2283 1129 2331 variis
1158 2281 1365 2343 vicibus,
1404 2298 1505 2330 non
1539 2283 1689 2331 modo
1723 2282 1786 2332 ad
1814 2283 1988 2336 ducem

563 2360 872 2408 Summerseti
895 2361 1167 2426 praefatum,
1195 2377 1362 2408 verum
1385 2360 1527 2408 etiam
1544 2371 1590 2409 et
1612 2362 1663 2409 in
1689 2362 1902 2429 Angliam
1924 2364 1987 2414 ad

562 2453 726 2502 regem
749 2438 1010 2503 Anglorum
1038 2439 1187 2499 misit,
1221 2439 1305 2503 qui
1334 2437 1395 2486 de
1419 2438 1660 2488 attentatis
1682 2450 1782 2489 tam
1803 2442 1854 2490 in
1878 2453 1986 2510 cap-

564 2527 669 2564 tura
692 2517 904 2582 praedicti
928 2517 1119 2584 oppidi,
1146 2534 1292 2583 quam
1315 2517 1458 2565 etiam
1488 2518 1536 2565 in
1564 2518 1725 2567 multis
1749 2519 1852 2568 aliis
1884 2535 1987 2587 spe·

562 2594 727 2643 ciebus
755 2604 1123 2660 treugarumque
1156 2606 1355 2661 ruptura
1387 2595 1554 2644 dolose
1585 2606 1632 2645 et
1657 2596 1839 2663 perfide
1866 2613 1984 2664 prae·

560 2682 767 2739 sumpta,
785 2683 1114 2738 quererentur,
1131 2674 1525 2739 requirerentque
1539 2674 1829 2723 damnorum
1840 2684 1982 2745 atque

559 2751 842 2814 injuriarum
870 2749 1055 2800 debitas
1080 2750 1181 2798 fieri
1208 2751 1532 2798 restitutiones
1555 2762 1600 2799 et
1624 2751 1948 2819 reparationes
1964 2787 1976 2810 ,

561 2830 829 2894 protestati,
864 2830 902 2877 si
934 2829 1131 2877 minime
1162 2829 1211 2876 id
1243 2828 1400 2889 fieret,
1428 2829 1584 2882 fractis
1614 2847 1700 2879 sua
1730 2829 1978 2894 iniquitate

558 2908 758 2971 treugis,
806 2924 856 2956 se
895 2907 957 2955 ad
1001 2907 1207 2955 recidiva
1246 2906 1370 2954 bella
1420 2907 1509 2954 sibi
1555 2906 1801 2955 inferenda
1839 2921 1978 2956 com-
