2086 3528
650 353 796 392 LIBER
821 354 1064 403 QUARTUS.
1503 357 1578 393 173

170 441 440 510 providere,
477 437 663 487 nullum
706 438 889 503 injuriae
931 455 1079 502 genus
1110 448 1181 486 est
1209 439 1343 503 quod
1375 456 1431 486 ex
1467 440 1580 504 ipsis

169 518 362 587 plurimi
390 534 617 567 eorumve
635 516 798 565 famuli
821 533 903 564 seu
925 517 1127 564 ministri
1156 516 1255 564 suis
1279 516 1546 582 hospitibus
1563 554 1576 578 ,

169 615 258 664 pro
281 598 428 663 gratia
453 595 539 644 sibi
570 594 775 661 praebitae
807 594 1164 660 hospitalitatis,
1199 594 1373 642 referre
1395 606 1582 660 praeter-

169 675 383 734 m'ittant3
407 674 473 721 ita
496 681 550 719 ut
567 668 850 738 plerumque
878 688 977 718 non
1001 672 1067 718 ita
1085 670 1282 718 moleste
1309 671 1358 717 in
1386 671 1579 736 publico

170 736 324 803 essent
360 766 547 799 carcere
564 787 577 812 ‚
607 750 729 797 sicut
764 749 812 796 in
836 749 1042 815 propriis
1071 748 1249 796 laribus
1271 748 1441 812 degere
1472 766 1582 798 cum

170 830 342 895 talibus
394 838 588 893 tamque
626 827 850 875 humanis
896 826 1164 892 hospitibus
1208 826 1578 892 compelluntur.

171 906 452 956 Non'refero
469 906 533 970 inj
540 906 750 953 uriarum
766 906 945 971 species
964 903 1186 968 singulas,
1213 913 1310 952 tam
1328 905 1585 952 verborum

172 1002 254 1034 seu
275 984 674 1033 contumeliarum
697 1000 843 1048 quam
864 983 1012 1030 reales
1030 1019 1041 1044 ,
1065 998 1183 1047 quas
1203 992 1304 1029 tum
1323 983 1373 1030 in
1392 983 1587 1049 propria

172 1050 273 1110 tum
294 1062 344 1109 in
368 1061 636 1125 conjunctis
659 1071 707 1108 et
729 1060 1002 1108 domesticis
1025 1059 1265 1126 personiS,
1292 1059 1354 1107 ab
1382 1060 1448 1108 eis
1477 1078 1587 1126 per-

172 1141 292 1189 ferre
330 1148 552 1205 oportet,
592 1139 641 1185 in
678 1155 853 1198 uxore,
893 1138 942 1184 in
979 1137 1190 1199 filiabus,
1229 1137 1278 1184 in
1323 1137 1503 1186 ancillis
1541 1148 1587 1186 et

143 1216 434 1277 *domestica
455 1214 652 1275 familia,
686 1216 735 1261 in
769 1214 912 1262 rebus
935 1215 1079 1262 etiam
1101 1223 1148 1261 et
1179 1213 1346 1276 boniS,
1388 1215 1450 1262 ad
1484 1232 1588 1280 quae

173 1302 374 1357 possunt
401 1309 644 1358 apponere
668 1308 839 1340 manus
872 1310 882 1338 :
910 1308 1066 1356 neque
1091 1291 1220 1338 enim
1249 1299 1332 1338 aut
1364 1291 1589 1356 explicari

172 1379 256 1416 aut
289 1370 523 1417 recenseri
559 1369 693 1417 facile
730 1379 952 1434 possunt,
999 1369 1089 1415 nisi
1112 1367 1172 1415 ab
1212 1368 1267 1414 iis
1303 1369 1386 1433 qui
1423 1370 1587 1418 talium

171 1445 416 1512 hospitum
437 1446 811 1494 contubernium
848 1445 1141 1493 habuerunt.
1172 1448 1230 1492 Et
1251 1446 1290 1492 si
1322 1446 1444 1494 sorte
1473 1464 1590 1495 non-

173 1523 292 1571 nulli
329 1525 657 1584 invenIantur,
699 1525 782 1589 qui
822 1523 966 1590 paulo
1001 1524 1177 1571 caeteris
1208 1523 1504 1572 humanitate
1535 1542 1590 1573 ac

172 1602 462 1666 benignitate
486 1601 926 1668 p1·aecellant(quod
948 1618 1089 1666 posse
1111 1600 1215 1647 fieri
1238 1618 1338 1648 non
1367 1601 1590 1650 abnueri-

175 1679 326 1742 m'tis),
362 1679 564 1726 famulos
598 1689 758 1727 tamen
793 1679 1115 1726 communiter
1149 1694 1231 1725 eos
1262 1677 1441 1727 habere
1474 1696 1590 1726 con-

175 1756 310 1820 tingit
344 1766 447 1804 tam
485 1756 765 1817 insolentes,
809 1765 860 1802 ut
899 1755 1031 1802 nulla
1067 1755 1282 1803 molestia
1311 1757 1464 1820 major
1495 1774 1593 1805 esse

175 1834 326 1898 possit
343 1851 489 1898 quam
507 1834 674 1881 talium
687 1833 1094 1881 cohabitationem
1116 1843 1163 1881 et
1183 1835 1594 1882 conversationem

177 1912 409 1959 sustinere
452 1930 462 1958 ε
507 1921 605 1958 tam
645 1911 953 1977 incompositi
1001 1910 1214 1958 moribus
1260 1921 1308 1959 et
1342 1913 1475 1959 omni
1514 1930 1593 1977 ge-

176 2005 290 2037 nere
339 1990 565 2042 vitiorum
609 1989 773 2055 repleti
815 1988 1136 2036 communiter
1181 2005 1280 2035 esse
1329 2006 1594 2038 consueve-

178 2069 310 2116 runt¹
333 2066 342 2114 ἱ

243 2150 410 2194 Fateor
443 2146 640 2211 quidem
674 2146 722 2192 in
758 2144 1002 2211 republica
1034 2145 1235 2192 omnino
1268 2145 1486 2195 militiam
1522 2147 1594 2194 in-

234 2330 269 2369 1.
301 2327 447 2367 Robert
477 2326 658 2374 Blondel‚
683 2337 793 2366 autre
812 2326 999 2365 historien
1019 2326 1226 2374 normand,
1253 2326 1320 2378 qui
1342 2327 1502 2366 ecrivait
1522 2342 1596 2367 une

179 2386 326 2426 dizaine
345 2386 525 2425 d'annces
537 2387 650 2439 apres
665 2385 910 2425 l’institution
923 2385 971 2423 de
988 2385 1025 2423 la
1044 2384 1313 2437 gendarmerie
1327 2397 1594 2438 permanente,

181 2456 295 2486 vante
313 2461 363 2485 au
382 2447 571 2485 contraire
593 2455 690 2485 cette
709 2459 876 2494 mesure,
896 2454 934 2483 et
948 2445 1014 2483 fait
1031 2446 1208 2484 resson-tir
1220 2446 1436 2499 l'avantage
1456 2447 1598 2498 qu’elle

181 2519 204 2546 a
223 2521 272 2546 eu
291 2504 468 2544 d'etablir
489 2505 526 2544 la
547 2506 709 2544 securite¹
723 2504 909 2558 publique
929 2519 938 2541 ε
963 2522 979 2539 α
995 2507 1092 2543 Tum
1108 2504 1264 2557 publica
1279 2505 1431 2555 itinera,
1453 2506 1597 2557 absque

182 2579 313 2606 rerum
333 2574 370 2604 et
391 2577 598 2616 corporum
617 2564 835 2604 discrimine
854 2595 864 2613 ,
891 2564 1138 2616 frequentare
1166 2564 1344 2615 videres3
1375 2575 1455 2605 tum
1484 2579 1597 2604 omne

181 2627 383 2666 hominum
399 2638 533 2678 genus,
548 2624 740 2677 potissime
760 2624 1045 2677 negociatores,
1072 2637 1275 2663 crumenas
1295 2639 1391 2664 auro
1413 2625 1572 2664 refertas
1586 2655 1596 2673 ‚

183 2687 288 2739 quod
310 2686 427 2738 paulo
447 2693 534 2724 ante
552 2685 593 2722 in
611 2684 763 2724 secretis
782 2693 929 2723 naturae
952 2684 1187 2732 visceribus,
1213 2684 1439 2737 praedonum
1469 2694 1594 2731 metu,

185 2745 464 2792 recondebant,
488 2744 717 2784 tutissimum
736 2745 864 2797 palam
887 2744 1038 2783 deferre
1058 2754 1096 2784 et
1115 2745 1163 2783 de
1189 2758 1267 2784 una
1284 2746 1324 2784 in
1342 2746 1502 2783 alteram
1522 2757 1597 2796 pa-

185 2794 307 2845 triam·
328 2804 517 2858 proficisci
545 2804 734 2842 laetantur.
770 2821 787 2838 »ι
813 2807 982 2841 Assertio
1010 2803 1274 2855 Normamn'ae,
1300 2804 1369 2844 lib.
1391 2807 1434 2853 1,
1454 2818 1489 2842 c.
1513 2817 1596 2853 xiv,

187 2868 258 2905 Ms.
282 2865 347 2904 lat.
368 2863 467 2904 Bibl.
489 2863 581 2915 imp.
597 2892 608 2911 ,
631 2870 673 2902 n⁰
694 2865 817 2911 6198,
840 2862 907 2901 fol.
929 2865 995 2904 20,
