2086 3528
526 369 604 407 236
903 369 1248 408 HISTORIARUM
1275 371 1457 410 CAROLI
1484 373 1555 410 VH

525 452 807 500 Baiocenses
830 451 950 500 fines
980 463 1323 502 veteranorum
1350 456 1502 522 copiis
1531 465 1727 521 possent
1748 457 1946 522 conjun-

526 547 653 594 gere.
682 533 793 577 Erat
813 540 974 577 autem
996 531 1045 578 in
1069 548 1127 579 eo
1151 535 1445 580 Francorum
1471 534 1683 581 exercitu
1705 533 1803 581 dux
1825 549 1945 600 proe-

525 610 694 675 cipuus
717 609 1124 657 Claromontensis
1146 613 1344 670 comes¹‚
1362 611 1485 659 filius
1502 613 1848 678 primogenitus
1863 612 1947 662 du-

526 687 593 733 cis
626 685 876 746 Borbonii,
906 704 1051 751 gener
1080 688 1236 735 Caroli
1268 691 1560 736 Francorum
1591 691 1735 754 regis,
1761 689 1947 739 habens

523 765 572 811 in
606 781 693 811 suo
723 765 954 812 comitatu
977 765 1123 813 duces
1147 765 1356 813 famosos
1379 765 1633 815 dominum
1662 771 1856 825 Petrum
1884 767 1946 816 de

524 845 688 903 Brezi,
725 842 1011 908 Floquetum
1041 853 1089 891 et
1120 844 1281 909 plures
1311 843 1456 904 a'lios,
1485 847 1568 910 qui
1603 846 1946 894 instructorum

524 922 729 970 militum
741 924 1030 988 equestrium
1045 924 1207 988 copias
1222 923 1535 972 validissimas
1555 923 1800 972 habebant
1813 960 1827 985 ,
1843 941 1945 972 non

524 1010 686 1048 tamen
719 1001 973 1066 aequabant
1007 1018 1211 1049 numero
1247 1002 1510 1065 Anglorum
1540 1003 1826 1065 exercitum,
1863 1003 1947 1068 qui

523 1080 710 1128 circiter
732 1079 794 1128 ad
813 1090 997 1146 septem
1023 1080 1170 1128 millia
1187 1079 1474 1128 bellatorum
1493 1080 1830 1130 aestimabatur.

979 1277 1317 1323 CAPITULUM
1350 1278 1515 1324 XXIV.

570 1401 767 1438 Conflictus
782 1402 875 1437 inter
899 1402 1054 1436 Francos
1075 1410 1110 1436 et
1135 1401 1304 1449 Anglicos
1325 1400 1423 1448 apud
1438 1402 1559 1437 villam
1575 1400 1707 1437 dictam
1722 1402 1903 1451 Fomigny

818 1462 857 1498 in
871 1461 1091 1498 Normannia
1103 1488 1114 1506 ,
1135 1470 1169 1496 et
1185 1461 1230 1496 de
1249 1461 1436 1496 obsidione
1452 1462 1652 1500 Baiocensi.

588 1573 711 1618 Cum
751 1570 894 1635 igitur
928 1569 1278 1617 contenderent
1321 1570 1434 1617 totis
1474 1569 1729 1618 conatibus
1765 1568 1949 1635 An'glici

523 1649 717 1696 Baiocas
754 1648 1023 1713 pertingere
1066 1647 1282 1712 vadaque
1314 1648 1415 1713 jam
1448 1648 1801 1708 transivissent,
1841 1664 1948 1714 quae

521 1728 892 1775 Constantinum
920 1736 967 1775 et
997 1727 1315 1775 Baiocismum
1343 1726 1567 1774 dividunt
1579 1729 1610 1789 ²,
1635 1727 1686 1774 in
1706 1725 1821 1775 villa
1842 1743 1948 1792 quae

520 1806 664 1869 vulgo
714 1806 1070 1854 Forminiacum
1104 1805 1388 1871 appellatur,
1424 1805 1578 1853 tribus
1621 1814 1704 1852 aut
1737 1814 1948 1870 quatuor

519 1884 667 1932 leucis
693 1883 897 1932 distante
929 1901 957 1932 a
979 1884 1166 1932 civitate
1191 1884 1399 1945 Baiocis,
1425 1887 1723 1932 Francorum
1745 1883 1841 1932 illic
1863 1899 1948 1932 eos

521 1962 752 2009 remorari
776 1962 931 2026 coegit
959 1963 1210 2009 exercitus.
1240 1962 1335 2020 Qui
1357 1977 1459 2008 sese
1490 1969 1659 2008 contra
1677 1969 1831 2008 castra
1853 1962 1948 2007 An-

522 2039 711 2104 glorum
735 2040 1071 2102 admoventes,
1098 2040 1193 2088 suis
1225 2039 1455 2087 ordinatis
1478 2038 1704 2103 utrinque
1726 2037 1942 2099 aciebus,

521 2138 608 2187 per
628 2138 850 2186 magnam
882 2121 977 2169 diei
1006 2131 1190 2187 partem
1215 2131 1385 2168 mutuo
1419 2137 1521 2167 sese
1544 2118 1948 2184 eminussconspi-

522 2198 726 2246 ciebant.
767 2199 861 2246 Sed
897 2216 1010 2246 cum
1040 2215 1069 2247 a
1103 2197 1396 2264 quibusdam
1422 2196 1793 2258 bombardellis,
1827 2211 1946 2261 quas

521 2278 820 2343 serpentinas
836 2287 1030 2338 vocant,
1049 2277 1218 2325 Franci
1237 2286 1388 2324 castra
1405 2275 1667 2340 Anglorum
1682 2274 1945 2341 plurimum

522 2355 917 2415 damnificarent,
964 2365 1225 2421 eruperunt
1269 2372 1295 2402 e
1330 2355 1493 2402 castris
1529 2355 1793 2418 Anglorum
1833 2370 1946 2402 cum

522 2435 704 2500 impetu
739 2434 900 2482 valido
942 2434 1131 2482 circiter
1167 2433 1419 2498 quingenti
1450 2432 1707 2495 sagittarii3s
1747 2431 1832 2497 qui
1880 2431 1948 2480 lo-

522 2529 653 2574 cum,
671 2511 800 2560 unde
816 2529 898 2559 eos
915 2511 1051 2559 dictae
1068 2511 1350 2577 serpentinae
1372 2510 1675 2568 infestabant,
1699 2509 1947 2558 celerrime

521 2600 771 2658 petentes,
804 2589 996 2638 easdem
1029 2589 1220 2637 Francis
1251 2588 1577 2650 abstulerunt,
1606 2588 1735 2637 caesis
1757 2587 1948 2654 fugatis-

577 2770 595 2806 1
608 2796 616 2805 .
647 2769 766 2816 Jean,
783 2772 909 2805 comte
925 2763 974 2803 de
989 2763 1185 2803 Clermont
1197 2792 1208 2811 ‚
1236 2762 1373 2815 depuis
1390 2762 1465 2801 duc
1485 2761 1533 2801 de
1553 2760 1751 2801 Bourbon.

576 2829 616 2867 2.
647 2830 701 2866 Le
729 2826 803 2880 gue
827 2824 1149 2874 Saint-Cliement,
1177 2826 1296 2877 qu'on
1325 2836 1437 2876 passe
1463 2824 1483 2860 ὸ
1515 2821 1643 2861 marce
1670 2820 1780 2861 basse
1811 2833 1878 2860 sur
1903 2819 1941 2859 Ιι

521 2887 626 2927 Vire.
