2086 3528
545 397 623 434 242
918 394 1259 432 HISTORIARUM
1285 394 1467 432 CAROLI
1494 395 1563 432 vn

547 475 771 524 omnibus
796 475 1014 523 facultate
1048 483 1095 522 et
1131 475 1379 522 securitate
1406 475 1464 522 ad
1501 492 1583 522 sua
1617 473 1825 522 abeundi
1846 489 1958 522 cum

547 557 686 604 bonis
708 572 813 619 quae
840 554 1071 602 haberent
1086 592 1099 615 ,
1125 555 1331 619 exceptis
1358 554 1634 602 bombat-dis
1656 563 1703 602 et
1727 553 1958 602 machinis

546 646 683 685 certae
704 635 1045 699 magnitudinis
1059 672 1070 694 ‚
1097 651 1215 699 quas
1238 636 1304 682 eis
1327 635 1580 701 deportare
1602 651 1702 683 non
1725 634 1857 682 licuit
1871 635 1900 682 ¹.

611 716 774 777 Itaque
796 712 910 777 ipsi,
938 721 1132 777 accepto
1157 712 1322 758 itinere
1344 728 1429 776 per
1452 711 1793 760 Normanniam
1815 719 1863 758 et
1885 712 1958 758 Pi-

544 791 755 840 cardiam
773 825 785 848 ,
811 789 873 836 ad
898 789 1133 854 oppidum
1157 787 1323 835 Calesii
1346 788 1543 852 profecti
1567 798 1700 851 sunt,
1728 792 1958 836 Norman·

545 870 623 915 nia
655 867 895 915 derelicta}
937 869 1057 914 Cum
1095 867 1162 913 eis
1199 865 1398 930 profecti
1430 875 1540 912 sunt
1572 865 1718 931 aliqui
1752 865 1958 914 nationis

544 946 824 1004 Gallicanae,
853 944 937 992 sed
958 961 1160 992 numero
1181 945 1346 1008 pauci,
1371 944 1453 1008 qui
1478 945 1760 1009 pertinacius
1785 943 1958 1009 Anglo-
2026 995 2034 1000 ,

545 1043 651 1072 rum
675 1024 879 1090 querelae
906 1023 1112 1070 fautores
1144 1022 1432 1069 exstiterant.
1462 1024 1708 1069 Duxerunt
1734 1021 1877 1069 etiam
1899 1037 1958 1070 ex

542 1103 656 1167 ipsis
681 1101 899 1148 nonnulli
933 1117 1106 1148 uxores
1134 1115 1253 1164 quas
1287 1099 1336 1145 in
1363 1098 1514 1146 Gallia
1545 1107 1852 1164 acceperant3
1878 1097 1957 1147 alii

543 1196 657 1227 vero
683 1179 884 1226 scientes
906 1195 957 1225 se
977 1178 1216 1226 anteriora
1239 1176 1418 1224 habere
1447 1176 1670 1240 conjugia.
1691 1176 1740 1223 in
1764 1175 1954 1242 Anglia,

542 1257 879 1322 superductaS,
919 1272 1018 1303 non
1055 1254 1234 1318 absque
1269 1254 1476 1319 plurimo
1510 1254 1639 1301 luctu
1675 1262 1722 1301 et
1756 1252 1956 1324 ejulatu,

542 1334 850 1398 reliquerunt.
881 1337 1025 1380 Erant
1050 1342 1209 1380 autem
1225 1368 1237 1390 ,
1260 1332 1341 1395 qui
1367 1331 1606 1391 exierunt,
1629 1339 1728 1379 tam
1746 1331 1957 1380 virorum

541 1427 688 1475 quam
713 1410 967 1458 mulierum
997 1409 1123 1457 circa
1146 1417 1354 1472 quatuor
1378 1407 1541 1455 millia.

976 1590 1048 1634 CA
1057 1589 1318 1634 PITULUM
1355 1589 1518 1634 XXVl.

540 1701 593 1736 De
607 1701 874 1748 recuperatione
883 1700 1036 1743 Falesiae,
1048 1700 1365 1747 Dompni-Frontis
1381 1709 1415 1734 et
1429 1700 1712 1748 Caesaris-Burgi,
1726 1708 1775 1744 et,
1791 1712 1855 1748 per
1868 1699 1959 1746 hoc,

782 1760 1044 1807 complemento
1059 1759 1336 1807 recuperationis
1347 1760 1455 1794 totius
1467 1760 1709 1795 Normanniae.

606 1856 800 1922 Oppido
823 1855 963 1919 igitur
993 1855 1279 1903 Cadomensi
1303 1872 1363 1903 eo
1394 1856 1543 1904 modo
1574 1865 1776 1905 vacuato
1800 1856 1958 1920 Angli-

541 1949 754 1997 canaque
784 1944 1045 1998 expurgato
1071 1933 1291 1990 natione,
1323 1942 1466 1997 atque
1496 1933 1544 1980 in
1568 1936 1860 1981 Francorum
1884 1932 1958 1980 di-

542 2011 721 2058 tionem
747 2010 986 2069 restituto,
1018 2009 1258 2057 restabant
1287 2010 1337 2056 in
1362 2011 1656 2058 Normannia
1677 2010 1835 2058 adhuc
1856 2010 1957 2059 duo

542 2087 719 2153 oppida
737 2125 748 2146 ,
775 2089 954 2135 caeteris
988 2088 1086 2135 fere
1109 2088 1252 2134 totius
1281 2088 1538 2152 provinciae
1564 2088 1849 2150 munitiora,
1871 2092 1957 2138 Fat-

540 2166 654 2214 lesia
678 2165 854 2213 scilicet
884 2176 930 2213 et
958 2166 1357 2230 Caesaris—Burgus
1372 2203 1384 2227 ‚
1411 2159 1521 2214 cuin
1545 2177 1700 2215 castro
1722 2169 1958 2234 Dompni·

539 2243 742 2291 Frontis.
763 2245 829 2290 Ne
851 2243 1008 2306 igitur,
1033 2243 1255 2291 derelicta
1275 2243 1525 2291 scintillula
1544 2243 1722 2309 aliqua,
1744 2244 1957 2293 fomenta

539 2322 805 2381 inveniens,
822 2321 871 2367 in
886 2321 1147 2368 recidivum
1163 2320 1438 2368 incendium
1455 2320 1611 2368 forsan
1628 2332 1788 2387 posset
1802 2338 1958 2372 erum-

540 2416 677 2465 pere,
704 2408 750 2446 et
774 2399 1060 2446 novissimus
1094 2415 1228 2445 error
1250 2399 1409 2463 priore
1442 2398 1650 2446 deterior
1674 2415 1920 2465 resurgere
1940 2416 1954 2462 ,

540 2477 601 2524 ad
639 2493 694 2524 ea
719 2477 862 2524 etiam
889 2475 1205 2541 expugnanda
1236 2475 1453 2563 prudens·
1476 2493 1557 2524 rex
1581 2476 1801 2525 attendit.
1818 2480 1956 2526 Cum

539 2564 730 2613 autem,
756 2553 816 2601 ad
840 2563 996 2602 tantos
1022 2562 1237 2618 sumptus
1263 2553 1656 2618 gravissimasque
1684 2554 1953 2619 impensas,

539 2635 675 2683 solita
690 2635 965 2699 regnicolis
954 2635 1137 2700 imponi
1160 2635 1369 2698 ingentia
1387 2634 1677 2683 tributorum
1700 2651 1851 2684 onera
1871 2636 1957 2684 mi·

539 2714 668 2762 nime
693 2713 988 2768 sufficerent,
1020 2712 1330 2777 pecuniaeque
1352 2713 1520 2777 regalis
1543 2713 1642 2762 fisci
1664 2713 1924 2763 deficerent
1938 2749 1952 2775 ,

538 2808 689 2856 prope
719 2791 804 2838 fuit
841 2807 919 2838 rex
945 2791 992 2837 in
1030 2805 1206 2856 magno
1236 2789 1537 2850 discrimine,
1573 2808 1634 2839 ne
1668 2791 1956 2858 interi-rupta

592 2903 630 2939 1.
663 2903 718 2939 ιον
728 2899 858 2950 juillet
876 2902 991 2940 1⁴50.
