2086 3528
726 361 873 398 LIBER
898 361 1120 401 TERTIUS.
1569 371 1644 407 129

215 455 349 512 parte
371 455 526 495 castra
560 455 787 511 posuerat
801 483 814 508 ,
840 446 1003 511 pavidi
1037 448 1343 514 exterritique
1385 449 1609 516 sugerunt
1623 492 1635 512 ‚

215 523 376 571 relicta
406 523 621 590 profecto
655 523 706 570 in
739 523 904 571 castris
934 523 1143 590 plurima
1166 542 1366 576 annona
1397 545 1545 593 quam
1579 531 1642 579 de

214 599 377 649 butiro
407 612 455 649 et
482 601 714 662 cervisiis,
739 602 1016 667 caeterisque
1048 620 1131 651 seu
1165 604 1228 652 ad
1250 606 1432 654 victum
1461 625 1546 656 seu
1580 610 1643 658 ad

213 676 328 727 belli
345 689 627 746 apparatum
646 681 920 728 necessariis
933 718 945 739 ‚
967 682 1058 746 ipsi
1073 681 1306 747 Flamingi
1331 684 1413 732 illo
1435 685 1646 736 adduxe-

215 767 338 806 rant.
395 761 452 806 Et
497 758 566 805 sic
604 757 858 806 obsidione
907 759 1063 808 soluta
1106 761 1297 824 inglorii
1347 763 1646 831 insamesque

215 835 369 884 effecti
391 874 402 896 ,
431 836 639 903 plurima
676 838 801 903 passi
836 836 1015 911 damna
1052 856 1215 887 rerum
1252 856 1448 889 suarum
1489 861 1642 908 quas,

214 932 310 982 prae
342 916 493 963 nimio
524 917 738 965 hostium
766 933 948 983 pavore
976 918 1331 984 relinquentes,
1367 919 1648 984 abjecerunt

212 993 506 1059 minimeque
543 995 758 1043 tulerunt
798 994 861 1043 ad
902 996 1125 1061 propria,
1164 1013 1339 1061 magna
1384 998 1646 1062 fugitarunt

214 1087 326 1142 cum
347 1071 667 1121 festinatione.
701 1074 1006 1121 AEstimantes
1041 1075 1172 1122 enim
1201 1074 1365 1123 hostes
1389 1093 1417 1123 a
1440 1086 1574 1141 tergo
1599 1095 1648 1126 se

211 1149 399 1215 insequi
427 1160 473 1198 et
496 1152 719 1199 cominus
749 1152 1028 1215 imminere,
1055 1162 1107 1199 ut
1129 1153 1450 1218 expeditiores
1473 1155 1534 1204 ad
1572 1157 1646 1204 fu·

210 1244 321 1292 gam
343 1228 678 1291 redderentur,
695 1230 867 1278 loricas
883 1240 931 1278 et
949 1229 1170 1278 thoraces
1189 1241 1455 1297 caeteraque
1473 1234 1649 1298 quibus

212 1306 374 1352 onusti
409 1316 567 1354 essent
600 1323 732 1356 arma
763 1308 965 1374 turpiter
996 1308 1157 1373 plures
1191 1326 1249 1355 ex
1281 1309 1396 1374 ipsis
1423 1310 1650 1375 projicie-

212 1382 354 1443 bant;
384 1404 407 1428 c<
424 1384 670 1450 pedibus»
690 1387 837 1442 enim,
865 1396 918 1433 ut
939 1395 1080 1451 poeta
1104 1386 1335 1451 loquitur,
1363 1407 1386 1430 ι(
1410 1389 1558 1436 timor
1582 1391 1649 1437 eis

214 1461 398 1510 addidit
432 1463 547 1511 alas.
575 1484 597 1507 »
635 1463 840 1511 Vidisses
869 1481 1008 1528 agros
1044 1475 1090 1511 et
1131 1465 1305 1526 fossas,
1341 1482 1438 1530 qua
1472 1468 1651 1532 quique

214 1548 430 1589 tenerent
461 1558 678 1601 cursum,
704 1542 848 1589 armis
877 1559 1163 1608 conspersos
1193 1552 1337 1607 atque
1361 1553 1517 1604 satos;
1543 1562 1649 1610 quae

211 1618 446 1666 vecordiae
462 1629 607 1685 atque
623 1620 822 1685 ignaviae
838 1637 1009 1668 eorum
1029 1621 1111 1686 qui
1137 1638 1193 1669 ea
1218 1620 1522 1685 abjecissent,
1543 1624 1649 1688 qui-

209 1695 483 1745 bus'nullus
508 1708 622 1745 tunc
644 1698 928 1746 imminebat
961 1699 1137 1759 hostis,
1164 1698 1334 1748 efficax
1357 1708 1407 1746 et
1431 1700 1647 1749 validum

212 1777 546 1825 testimonium
568 1777 901 1843 praeferebant.

238 1899 240 1901 .
277 1856 395 1912 Quae
420 1854 635 1920 profecto
670 1872 772 1903 non
795 1855 1001 1903 dicimus
1031 1864 1085 1902 ut
1119 1856 1326 1921 patriam
1357 1857 1510 1922 ipsam
1534 1874 1650 1921 gen-

214 1942 408 1997 temque
425 1932 658 1981 Flandriae
679 1933 870 1999 probris
889 1943 971 1981 aut
989 1934 1294 1998 contumeliis
1318 1935 1539 1983 insectari
1563 1947 1648 1985 aut

213 2011 440 2060 lacessere
473 2012 799 2060 intendamus.
833 2015 914 2060 Est
939 2013 1070 2059 enim
1104 2029 1219 2077 gens
1249 2013 1390 2061 valde
1412 2013 1647 2063 industria

214 2092 271 2138 et'
290 2092 448 2139 omnis
468 2091 780 2139 humanitatis
813 2091 947 2139 cultu
977 2093 1278 2141 ornatissima
1296 2130 1308 2153 ,
1334 2094 1649 2158 quemadmo-

214 2169 333 2218 dum
357 2170 674 2234 inSignissima
697 2171 878 2237 oppida
908 2181 1051 2236 atque
1070 2170 1267 2218 aedificia
1281 2208 1294 2231 ,
1323 2171 1498 2237 quibus
1521 2183 1647 2221 terra

214 2247 513 2314 illaoppleta
533 2258 627 2309 est,
653 2248 1029 2296 luculentissime
1052 2249 1373 2296 manifestant.
1405 2250 1499 2298 Sed
1532 2269 1645 2298 cum

216 2325 311 2373 sint
345 2325 434 2373 sub
470 2326 806 2391 hujuscemodi
840 2326 1322 2391 magnificentissimis
1355 2329 1490 2375 tectis
1513 2339 1560 2376 et
1594 2330 1642 2376 in

216 2403 395 2450 deliciis
416 2414 558 2469 atque
576 2407 676 2452 otio
695 2406 913 2467 enutriti,
937 2422 1027 2452 nec
1049 2406 1342 2470 competenti
1364 2405 1427 2454 ad
1447 2423 1523 2453 res
1547 2406 1645 2454 bel-

216 2481 377 2529 lorum
401 2481 545 2530 duras
577 2493 718 2549 atque
750 2500 939 2550 asperas
977 2484 1199 2538 tirocinio
1225 2485 1357 2550 prius
1386 2484 1635 2532 assuefacti

218 2559 471 2625 duratique
492 2571 667 2621 essent,
693 2561 756 2610 ad
776 2562 887 2611 talia
914 2563 1073 2611 minus
1097 2563 1260 2612 idonei
1282 2565 1594 2613 inveniuntur
1609 2566 1638 2624 ¹,

273 2747 313 2784 1.
342 2745 417 2784 J'ai
441 2745 495 2784 du
519 2745 690 2799 changer
708 2746 747 2786 la
774 2748 1039 2801 construction
1063 2749 1130 2801 qui
1150 2758 1207 2789 est
1226 2749 1316 2788 telle
1335 2748 1431 2787 dans
1451 2748 1487 2786 le
1506 2761 1644 2786 manu-

219 2805 311 2844 scrit
333 2820 342 2843 :
373 2823 390 2839 κ
405 2808 532 2858 Atque
556 2806 636 2845 otio
659 2807 816 2846 enutriti
840 2808 890 2847 ad
917 2822 979 2847 res
1001 2808 1195 2848 bellorum
1213 2808 1330 2846 duras
1351 2815 1468 2858 atque
1486 2819 1642 2859 asperas

224 2884 241 2900 ι
261 2880 334 2906 nec
353 2867 587 2920 competenti
606 2867 655 2906 ad
675 2868 765 2907 talia
781 2868 957 2908 tirocinio
975 2870 1083 2922 prius
1104 2868 1306 2908 assuefacti
1324 2899 1334 2917 ,
1354 2876 1427 2907 etc.
1453 2886 1470 2902 »

324 2957 341 2982 1
1433 2945 1457 2982 9
