2086 3528
739 376 886 413 LIBER
911 375 1155 423 QUARTUS.
1573 378 1650 417 ¹9⁹

231 455 381 524 pelli&
399 458 520 506 Cum
531 463 691 505 autem
702 456 854 520 justas
866 456 1145 520 hujusmodi
1158 458 1373 522 querelas
1387 459 1652 523 requisitio—

231 551 414 600 nesque
432 534 570 600 Angli
591 550 765 600 parum
787 545 871 582 aut
891 535 1012 582 nihil
1033 546 1278 597 curarent,
1297 546 1366 597 et,
1392 537 1522 602 quod
1544 554 1650 602 ges-

233 621 336 661 tum
360 611 512 661 fuerat
530 620 700 665 contra
724 611 974 659 Britonum
995 612 1192 675 ducem,
1221 630 1271 662 se
1301 614 1426 678 juste
1461 614 1646 674 fecisse,

230 705 334 740 non
356 698 525 739 contra
549 692 842 742 Francorum
867 707 1045 755 regem,
1071 691 1157 738 sed
1179 692 1228 738 in
1251 692 1506 740 vassallum
1531 693 1653 756 regis

233 767 512 831 Anglorum,
542 767 631 816 sibi
648 767 1008 816 inobedientem
1021 785 1080 817 ac
1099 769 1344 832 rebellem,
1368 782 1649 831 assererent,

234 845 492 911 fuissetque
526 846 578 897 in
610 846 785 894 talibus
821 847 1140 911 legationibus
1170 859 1218 896 et
1252 850 1654 898 summationibus

223 933 452 975 exactum
483 924 672 974 circiter
708 941 788 972 sex
825 926 1063 975 mensium
1096 927 1352 992 spatium’,
1386 929 1656 992 cogitarunt

231 1001 400 1053 Franci
432 1017 534 1051 non
558 1001 680 1051 ultra
705 1002 864 1051 verbis
893 1004 1208 1067 contendere3
1238 1005 1321 1052 sed
1355 1006 1517 1071 potius
1542 1020 1656 1053 cum

231 1079 374 1130 simili
395 1080 513 1128 ludo
538 1081 694 1129 vicem
717 1080 937 1129 hostibus
953 1082 1154 1130 reddere
1171 1091 1454 1130 statuerunt.

298 1160 446 1207 Erant
479 1169 583 1208 tum
624 1160 674 1206 in
705 1159 890 1225 oppido
924 1160 1056 1208 dicto
1103 1162 1400 1209 Locusveris⁸
1432 1162 1655 1210 nonnulli

227 1235 522 1302 quadrigarii
548 1252 634 1285 seu
661 1237 858 1300 aurigae,
885 1237 993 1301 qui,
1028 1238 1231 1286 durante
1267 1248 1452 1303 treuga,
1488 1239 1536 1286 in
1559 1240 1658 1286 suis

233 1312 455 1363 curribus
466 1323 655 1362 vectare
670 1314 781 1363 vina
794 1315 856 1363 ad
873 1314 1040 1363 urbem
1052 1315 1485 1380 Rothomagensem
1497 1333 1657 1364 assue—

230 1401 422 1453 verant,
460 1403 508 1440 et
540 1393 654 1440 inde
686 1393 751 1440 ad
781 1393 910 1440 idem
945 1394 1179 1459 oppidum
1204 1395 1477 1460 vicinasque
1512 1406 1658 1443 terras

238 1485 418 1517 merces
435 1470 502 1517 eis
515 1471 804 1519 necessarias
819 1480 1080 1522 revectare.
1103 1472 1164 1518 Hi
1183 1471 1467 1520 custodibus
1480 1474 1602 1520 arcis
1615 1483 1663 1520 et

229 1547 398 1612 pontis
428 1546 525 1595 loci
558 1548 644 1612 qui
676 1548 819 1613 vulgo
845 1548 1172 1597 Pons-Archae
1192 1551 1206 1574 ¹·
1228 1550 1513 1615 appellatur,
1540 1552 1659 1598 mul-

233 1633 338 1673 tum
359 1635 496 1674 erant
516 1627 642 1688 noti,
671 1643 730 1674 eo
749 1627 908 1691 quod,
931 1626 1145 1692 qualibet
1166 1644 1301 1693 paene
1324 1627 1655 1691 hebdomada,

233 1703 380 1752 semel
401 1713 487 1753 aut
511 1704 586 1752 his
608 1722 723 1752 cum
745 1706 843 1753 suis
873 1706 1093 1754 curribus
1124 1706 1304 1756 flumen
1323 1709 1552 1772 Sequanae
1573 1724 1658 1773 per

232 1779 367 1832 illum
388 1792 590 1847 pontem
622 1784 823 1831 transire
855 1784 982 1832 soliti
1002 1795 1166 1845 erant3
1193 1784 1472 1851 eisdemque
1495 1795 1655 1833 custo-

229 1858 402 1922 dibus,
425 1862 611 1925 quoties
640 1862 929 1924 transibant,
954 1879 1182 1910 nummos
1204 1863 1391 1928 aliquos
1412 1880 1494 1911 seu
1513 1879 1657 1911 enoe-

233 1939 336 1988 οἱα·
371 1938 628 1988 liberaliter
659 1941 948 2006 erogabant,
987 1952 1184 2008 propter
1214 1942 1351 2007 quod
1383 1952 1658 2008 aperturam

233 2017 394 2082 pontis
434 2021 781 2086 transitumque
819 2021 1005 2070 facilem
1021 2059 1034 2083 ,
1078 2021 1260 2087 absque
1302 2022 1627 2070 remoratione
1645 2061 1656 2083 ‚

290 2190 328 2230 1.
360 2190 452 2231 voir
468 2195 629 2245 Rymer,
650 2202 678 2236 t.
697 2196 776 2246 XI,
798 2210 837 2248 p.
859 2197 937 2234 223
959 2205 998 2234 et
1019 2196 1121 2235 suiv.

287 2258 326 2298 ἓ.
362 2274 380 2292 «ι
402 2258 492 2297 Post
511 2259 637 2298 varias
657 2260 977 2300 ambassiatorum
994 2261 1210 2313 impensas,
1237 2262 1343 2301 inani
1361 2263 1495 2303 labore
1521 2266 1661 2318 saepius

235 2317 420 2368 repetito,
450 2328 716 2372 consumptas,
749 2334 820 2359 rex
851 2322 1021 2360 Karolus
1047 2322 1305 2372 justissimus,
1335 2333 1377 2362 ut
1405 2326 1554 2378 accepit
1583 2341 1660 2378 qua

236 2376 450 2426 simultate,
484 2379 625 2430 quibus
653 2380 775 2428 dolis,
804 2381 846 2420 in
871 2389 1098 2434 treugarum
1130 2384 1425 2435 prosecutione,
1454 2399 1547 2438 erga
1578 2400 1660 2425 rem

236 2435 430 2488 publicam
463 2438 610 2480 inimici
641 2441 867 2489 utebantur,
890 2442 932 2480 in
966 2442 1136 2482 duorum
1162 2445 1365 2496 praesentia
1393 2447 1657 2495 notariorum,

235 2508 348 2536 suum
370 2510 556 2549 magnum
578 2499 790 2539 Consilium
817 2501 998 2541 accersiri
1017 2502 1150 2550 jussio
1188 2505 1252 2544 cui
1283 2506 1423 2544 mentis
1444 2514 1659 2554 secretum,

237 2554 319 2595 fere
351 2565 439 2609 post
469 2558 779 2609 quan-imestrem
806 2561 959 2614 lapsum
988 2577 1011 2602 a
1044 2565 1185 2605 misera
1219 2566 1396 2619 Fulgeris
1420 2567 1660 2617 direptione,

239 2616 405 2670 aperuit.
425 2635 441 2651 n
479 2616 627 2657 Robert
644 2619 807 2661 Blondel
825 2653 836 2672 ,
856 2623 883 2662 l.
905 2626 924 2661 I
937 2653 948 2671 ,
963 2638 999 2664 c.
1018 2639 1090 2665 xn.

294 2685 332 2723 3.
357 2685 573 2735 Louviers,
607 2687 675 2738 qui
702 2688 793 2729 etait
823 2690 926 2729 alors
953 2703 1003 2730 au
1034 2684 1298 2744 pouvoir‘des
1327 2691 1521 2743 Francais.
1559 2695 1658 2745 Voy.

238 2740 429 2782 ci-dessus
444 2774 455 2794 ,
477 2759 518 2797 p.
545 2749 638 2785 134.

292 2816 331 2850 4.
361 2814 731 2855 Pont-de-l'Arche.

294 2883 332 2918 5.
363 2883 418 2919 Le
437 2881 694 2933 pour-boire,
714 2886 835 2935 qu’on
851 2885 1020 2936 appelait
1037 2885 1140 2923 alors
1161 2888 1195 2922 le
1211 2889 1284 2923 vin.
