2086 3528
527 335 578 372 80
906 335 1250 374 HISTORIARUM
1277 336 1459 375 CAROLI
1486 338 1574 374 VII·

525 426 739 482 essetque
773 417 822 463 in
849 416 1060 482 oppid0‚
1092 435 1203 465 cum
1234 418 1394 467 multis
1420 419 1625 467 strenuis
1654 422 1948 468 Francorum

526 494 730 545 ducibus
751 504 894 559 atque
913 493 1156 557 militibus,
1173 499 1359 544 Joanna
1383 497 1561 557 Puella,
1582 497 1738 545 eidem
1750 500 1948 547 Joannae

526 572 785 620 infaustum
822 588 965 619 omen
1000 582 1143 637 atque
1174 573 1332 622 infelix
1367 575 1505 622 valde
1537 575 1753 639 contigit.
1794 578 1943 638 Nam,

525 660 657 696 certo
701 650 779 697 die
798 652 828 710 ¹,
855 666 967 696 cum
1005 650 1167 697 multis
1201 653 1392 700 armatis
1427 653 1662 718 oppidum
1702 653 1863 702 exiens
1895 663 1951 701 ut

524 726 574 773 in
611 726 774 775 hostes
817 728 1050 792 impetum
1077 727 1275 788 faceret,
1318 729 1379 776 ab
1412 747 1512 778 uno
1557 730 1705 778 milite
1737 730 1977 796 burgum,

525 805 670 853 dione
698 816 837 872 capta
870 806 958 853 fuit
980 816 1026 854 et
1053 805 1114 854 ab
1135 807 1340 871 Anglicis
1357 845 1369 867 ‚
1397 809 1480 873 qui
1505 809 1606 873 ejus
1629 803 1950 875 perditionem

524 893 572 931 et
593 885 955 932 exstinctionem
986 901 1277 950 magnopere
1302 885 1618 951 exoptabant,
1646 887 1802 934 multo
1828 903 1949 935 auro

525 961 789 1027 redempta.
814 965 885 1009 De
907 978 1003 1027 qua
1020 956 1227 1026 Anglici,
1246 964 1328 1027 qui
1349 964 1488 1011 toties
1510 964 1613 1028 ejus
1635 964 1848 1012 nominis
1871 981 1951 1012 so-

524 1039 614 1087 lius
639 1049 824 1087 terrore
855 1041 962 1087 caesi
992 1040 1236 1105 fugatique
1260 1040 1470 1103 Fuerant,
1496 1041 1635 1090 valde
1657 1040 1878 1090 laetificati
1904 1052 1950 1091 et

524 1118 772 1166 exhilarati
794 1118 1005 1166 fuerunt.

587 1199 838 1243 Duxerunt
869 1206 1030 1244 autem
1064 1212 1171 1243 eam
1201 1196 1265 1244 ad
1293 1195 1464 1244 urbem
1495 1195 1947 1262 Rotho‘magensem‚

522 1274 571 1320 in
594 1289 690 1337 qua
712 1273 866 1322 dictus
894 1275 1126 1321 Henricus
1143 1274 1332 1338 juvenis
1356 1283 1471 1321 tunc
1491 1283 1593 1322 erat
1615 1291 1728 1322 cum
1750 1291 1839 1322 suo
1861 1264 1958 1323 co-'

522 1351 692 1399 mitatu
723 1361 769 1399 et
801 1352 1022 1399 consilio.
1062 1351 1184 1413 Ubi,
1223 1362 1483 1417 postquam
1524 1351 1758 1417 quidnam
1796 1351 1857 1400 dc
1894 1365 1953 1400 ea

521 1442 808 1480 statueretur
841 1432 923 1480 diu
960 1433 1267 1481 consiliatum
1304 1433 1491 1494 fuisset,
1535 1433 1585 1480 in
1616 1450 1674 1482 ea
1718 1423 1953 1482 sententia

521 1511 802 1558 resederunt
837 1521 913 1572 ut,
950 1529 1005 1559 ea
1042 1511 1256 1560 studiose
1286 1512 1336 1559 in
1376 1511 1592 1576 quodam
1638 1511 1749 1560 satis
1782 1526 1952 1578 aspero

521 1605 712 1637 carcere
753 1590 873 1637 arcis
919 1589 1315 1654 Rothomagensis
1360 1599 1615 1648 asservata,
1654 1581 1819 1637 coram
1863 1589 1952 1638 do-

464 1666 470 1668 *
521 1667 654 1714 mino
689 1670 829 1714 Petro
869 1667 1118 1725 Cauchon,
1152 1667 1477 1716 Bellovacensi
1511 1668 1739 1733 episcopo
1770 1666 1875 1732 (qui
1896 1683 1954 1715 ex

520 1744 800 1791 consiliariis
840 1745 963 1808 regis
1000 1744 1174 1808 Angliae
1210 1762 1335 1792 unus
1371 1744 1433 1792 de
1478 1744 1772 1810 primoribus
1798 1744 1949 1810 erat),

519 1838 577 1868 eo
601 1822 735 1886 quod
757 1822 881 1869 infra
899 1822 1075 1869 limites
1091 1839 1186 1870 suae
1205 1823 1421 1871 dioecesis
1443 1822 1744 1889 apprehensa
1765 1818 1949 1882 fuisset,

517 1909 686 1947 contra
710 1917 816 1947 eam
839 1900 1086 1965 inquisitio
1111 1910 1158 1948 et
1179 1901 1428 1964 negotium
1451 1900 1565 1948 fidei
1592 1902 1849 1966 ageretur'.

585 1978 731 2036 Quod
758 1978 839 2025 diu
867 1978 1132 2025 deductum
1155 1979 1481 2044 agitatumque
1508 1978 1622 2039 fuit;
1652 1988 1700 2026 et
1721 1995 1806 2044 per
1825 1977 1951 2026 mul·-

520 2064 679 2102 torum
703 2056 940 2102 mensium
970 2054 1254 2114 decursum,
1279 2056 1518 2119 variisque
1551 2054 1720 2102 diebus
1749 2071 1804 2103 ac
1833 2055 1951 2103 vici-

519 2131 637 2190 bus,
685 2132 1002 2180 assidentibus
1038 2132 1402 2196 inquisitoribus
1443 2132 1671 2180 haereticae
1706 2132 1951 2198 pravitatis

519 2219 567 2257 et
588 2209 750 2257 multis
780 2225 922 2256 sacrae
951 2209 1204 2273 theologiae
1232 2219 1279 2256 et
1310 2209 1461 2256 divini
1490 2219 1632 2274 atque
1655 2208 1858 2257 humani
1876 2209 1951 2273 ju-

519 2288 582 2335 ris
603 2286 970 2353 professoribus,
998 2297 1197 2351 propter
1219 2286 1499 2350 hujusmodi
1521 2303 1713 2334 causam
1742 2303 1799 2334 cx
1824 2286 1950 2334 Pari-

519 2365 598 2412 siis
616 2365 854 2412 accersitis
871 2401 883 2424 ,
918 2364 1245 2429 multipliciter
1268 2364 1561 2427 interrogata
1594 2364 1706 2425 fuit;
1734 2364 1950 2412 fuerunt-

521 2458 614 2507 que
647 2442 1048 2506 interrogationes
1078 2441 1237 2489 eidem
1276 2442 1434 2504 factae,
1476 2459 1588 2489 cum
1616 2441 1812 2507 singulis
1852 2441 1949 2489 suis

520 2520 934 2587 responsionibuS,
972 2537 1058 2586 per
1095 2519 1315 2585 publicos
1355 2520 1638 2569 tabelliones
1681 2520 1946 2586 diligentis-

576 2669 614 2705 1.
646 2668 700 2705 Le
719 2667 770 2704 23
789 2664 866 2704 mai
889 2667 1007 2704 1430.

575 2729 615 2766 2.
645 2729 719 2765 Les
739 2725 1011 2764 deliberations
1024 2724 1077 2764 du
1096 2725 1239 2764 conseil
1259 2734 1396 2764 eurent
1414 2726 1493 2766 lieu
1510 2736 1627 2767 avant
1643 2741 1719 2780 que
1739 2728 1776 2768 la
1794 2726 1948 2768 pucelle

522 2786 578 2824 fut
596 2786 731 2825 menee
744 2787 767 2824 a
778 2788 929 2834 Rouen,
951 2793 989 2824 et
1007 2793 1124 2824 avant
1140 2786 1265 2824 meme
1278 2785 1419 2837 qu’elle
1432 2788 1498 2825 eut
1516 2787 1575 2826 ete
1590 2787 1769 2827 rachetee
1788 2787 1838 2828 de
1849 2789 1951 2839 Jeau

522 2849 570 2888 de
588 2849 875 2903 Luxembourg,
890 2857 999 2888 entre
1022 2848 1076 2887 les
1096 2849 1218 2888 mains
1238 2849 1286 2888 de
1299 2849 1365 2901 qui
1386 2850 1459 2889 elle
1478 2850 1569 2890 etait
1588 2850 1755 2892 tombee.
