2086 3528
514 375 591 412 144
897 370 1241 410 HISTORIARUM
1270 371 1453 410 CAROLI
1480 372 1551 408 VII

972 544 1315 590 CAPITULUM
1350 545 1452 590 XV.

665 677 891 726 Expugnatio
907 677 1100 714 Pontisarae
1115 689 1180 725 per
1194 677 1360 712 Carolum
1372 703 1382 720 ,
1399 677 1621 712 Francorum
1636 690 1770 726 regem.

578 805 810 850 Parantur
831 802 991 865 itaque
1012 799 1127 847 belli
1143 799 1308 846 omnia
1332 799 1715 848 machinamenta
1735 799 1797 848 ad
1810 800 1939 850 inva-

512 879 727 929 dendum
745 878 1216 945 expugnandumque
1235 877 1393 942 ipsum
1413 877 1665 943 oppidum,
1683 877 1816 942 quod
1829 895 1939 944 pro-

512 959 635 1006 fecto
660 956 932 1016 moenibus,
959 955 1084 1003 vallo
1108 963 1249 1019 atque
1271 951 1483 1000 turribus
1506 964 1551 1001 et
1566 954 1938 1021 propugnaculis

512 1045 613 1083 erat
641 1035 966 1082 firmissimum
982 1071 993 1093 ‚
1015 1032 1330 1098 plurimisque
1353 1031 1587 1079 machinis
1609 1031 1722 1079 belli
1747 1042 1792 1079 et
1815 1032 1938 1080 mili-

513 1112 637 1160 tibus
665 1111 871 1176 Anglicis
900 1110 1105 1175 amplius
1137 1107 1267 1155 mille
1291 1117 1338 1154 et
1361 1107 1577 1155 ducentis
1603 1107 1743 1156 valde
1776 1109 1938 1156 muni·
1985 1171 1999 1175 „

512 1201 631 1238 tum.
659 1188 1022 1254 Contemplatur
1052 1204 1132 1234 rex
1155 1223 1167 1246 ‚
1193 1186 1286 1233 loci
1313 1187 1631 1232 munitionem
1653 1186 1904 1252 explorans
1921 1225 1933 1248 ‚

512 1284 610 1333 qua
632 1277 766 1333 parte
788 1265 1093 1313 commodius
1119 1264 1394 1329 faciliusque
1417 1264 1620 1311 insultus
1642 1263 1745 1312 dari
1765 1274 1813 1312 et
1832 1282 1939 1331 per-

512 1349 590 1396 fici
614 1359 790 1414 posset.
819 1347 890 1394 Ad
909 1357 1093 1413 partem
1118 1347 1247 1394 illam
1271 1362 1463 1411 aggeres
1483 1346 1727 1394 instruunt
1743 1383 1756 1408 ‚
1783 1345 1937 1412 appli-

511 1437 681 1475 cantur
710 1435 978 1485 tormenta,
1020 1425 1234 1491 petrariae
1280 1424 1602 1472 admoventur
1642 1424 1860 1471 maximae
1892 1433 1938 1472 et

510 1508 840 1569 validissimae,
871 1522 1078 1572 quarum
1117 1503 1289 1552 crebro
1317 1505 1449 1569 jactu
1489 1514 1535 1552 et
1571 1496 1780 1553 terrifico
1817 1521 1937 1570 qua-

509 1586 696 1633 tiuntur
718 1585 869 1646 muri,
907 1594 1060 1630 turres
1083 1583 1367 1646 franguntur
1390 1592 1436 1630 et
1465 1581 1829 1648 propugnacula
1851 1582 1936 1631 de-

506 1664 757 1728 jiciuntur,
799 1672 880 1721 ut,
906 1662 1036 1708 intus
1061 1660 1392 1708 exsistentibus
1424 1660 1610 1708 sublata
1644 1656 1938 1709 desendendi

509 1739 856 1804 commoditate
874 1776 886 1799 ‚
920 1738 1325 1805 expugnatoribus
1359 1749 1501 1802 atque
1525 1737 1758 1786 insultum
1781 1738 1937 1787 danti-

510 1818 602 1866 bus
618 1818 803 1882 ingredi
825 1818 874 1864 in
896 1817 1131 1883 oppidum
1147 1817 1342 1864 facilitas
1364 1816 1670 1882 praeberetur.
1686 1819 1804 1875 Quae
1825 1833 1937 1865 cum
2012 1843 2014 1846 >

511 1897 577 1945 ita
610 1895 862 1943 tormentis
889 1905 937 1943 et
973 1895 1191 1961 petrariis
1227 1895 1438 1942 factitata
1473 1905 1654 1956 essent,
1693 1905 1748 1943 ut
1781 1895 1936 1943 aditus

509 1975 700 2022 Francis
722 1984 914 2040 apertus
936 1973 1194 2034 videretur,
1221 1974 1268 2020 in
1290 1965 1468 2021 vallum
1490 1973 1668 2022 alacres
1686 1971 1933 2031 exsiliunt,

510 2053 771 2101 admovent
797 2052 947 2099 scalas
971 2051 1033 2098 ad
1059 2050 1411 2109 scandendum,
1439 2050 1676 2116 praecipue
1694 2049 1758 2098 ad
1770 2066 1937 2115 quam-

511 2132 626 2179 dam
667 2132 834 2178 turrim
873 2131 1216 2178 firmissimam¹
1237 2166 1251 2189 ,
1294 2145 1398 2193 quae
1436 2130 1568 2192 J'actu
1601 2137 1848 2193 petrarum
1881 2128 1932 2175 in

509 2210 766 2258 excelsiore
788 2220 923 2275 parte
955 2209 1113 2256 diruta
1142 2208 1295 2255 fuerat
1311 2243 1323 2267 ‚
1350 2207 1623 2270 factumque
1657 2206 1707 2254 in
1731 2221 1785 2253 ea
1809 2205 1936 2254 fora-

508 2307 620 2338 men
643 2289 754 2336 satis
778 2303 1023 2352 magnum.
1047 2289 1178 2333 Tunc
1200 2279 1362 2332 videre
1387 2293 1486 2332 erat
1512 2287 1719 2331 Francos
1737 2283 1936 2332 viriliter

507 2377 555 2415 et
577 2366 792 2414 animose
814 2363 962 2412 scalas
991 2362 1108 2410 alios
1131 2361 1387 2409 ascendere
1403 2397 1416 2420 ,
1447 2360 1565 2408 alios
1594 2359 1799 2408 arcubus
1813 2398 1826 2423 ‚
1847 2359 1935 2408 ba-

507 2446 623 2495 listis
657 2454 703 2491 et
727 2441 1091 2500 bombardelliS,
1130 2458 1246 2506 quas
1272 2439 1545 2488 colubrinas
1571 2449 1617 2486 et
1639 2438 1935 2505 serpentinas

508 2532 705 2582 vocant,
738 2520 983 2568 lethiferos
1015 2519 1221 2566 telorum
1261 2535 1317 2565 ac
1351 2517 1566 2583 lapidum
1593 2517 1748 2581 jactus
1775 2517 1825 2564 in
1854 2516 1935 2565 de-

510 2604 719 2652 fensores
739 2599 863 2647 muri
885 2598 1210 2661 turriumque,
1237 2595 1418 2661 absque
1442 2595 1537 2644 ulla
1559 2595 1941 2658 intermissione,

562 2768 600 2804 1.
636 2782 654 2800 u
676 2767 731 2803 La
753 2771 841 2802 tour
863 2761 917 2800 du
947 2760 1100 2809 Friche‚
1127 2759 1194 2811 qui
1217 2768 1272 2798 est
1298 2772 1364 2798 sur
1390 2759 1427 2798 le
1445 2758 1544 2798 bord
1572 2759 1622 2798 de
1644 2759 1682 2798 la
1707 2757 1849 2798 riviere
1882 2757 1931 2797 de

507 2825 638 2874 l’Oise,
656 2823 709 2863 du
722 2822 825 2862 coste
844 2821 983 2861 devers
1003 2821 1039 2859 le
1062 2828 1157 2873 pont
1171 2819 1220 2858 de
1239 2819 1421 2858 Meulant.
1449 2837 1466 2853 ι
1491 2820 1703 2871 Chronique
1727 2820 1777 2856 de
1793 2821 1928 2870 Ber-ry,

510 2884 605 2923 dans
625 2883 838 2934 Godesroy,
862 2895 902 2935 p.
925 2883 1016 2919 415.
