2086 3528
721 379 867 416 LIBER
893 379 1161 418 SECUNDUS.
1268 355 1270 357 ’
1604 381 1648 418 51

242 463 350 511 satis
386 461 548 527 procul
583 462 963 522 asservabantur,
990 481 1038 511 se
1064 465 1400 526 contulerunt3
1427 481 1454 512 e
1479 464 1654 530 quibus

241 539 415 587 multos
438 556 602 587 eorum
636 549 864 587 conantes
891 540 1095 604 effugere
1123 558 1292 589 manus
1319 552 1648 606 peremerunt,

240 626 286 665 et
311 617 513 665 multum
537 617 638 664 auri
661 626 706 664 et
728 618 906 682 argenti
929 619 1164 684 variaeque
1189 619 1408 685 pretiosae
1430 619 1655 685 supellec-

241 693 333 742 tilis
351 705 638 760 rapuerunt,
662 705 707 742 et
730 694 965 742 abierunt.

306 771 483 836 Anglici
513 789 627 820 vero
663 789 763 820 sese
792 772 1066 820 ordinantes
1097 772 1261 820 denuo
1289 784 1358 836 et,
1385 773 1468 839 qui
1500 790 1557 821 ex
1589 775 1656 821 eis

239 852 461 916 prostrati
507 861 693 899 tantum
738 851 949 911 fuerant,
997 868 1046 899 se
1090 851 1323 914 erigentes
1340 890 1352 910 ‚
1401 852 1657 916 resumptis

239 928 386 979 animi
408 930 718 995 corporisque
747 928 954 988 viribus,
993 928 1170 975 ducum
1196 945 1393 976 suorum
1426 929 1658 976 exhorta-

237 1006 367 1070 tione
400 1006 655 1054 confortati
677 1016 724 1054 et
746 1005 976 1061 roborati,
1000 1005 1195 1052 viriliter
1219 1021 1275 1053 ac
1298 1015 1491 1053 strenue
1510 1007 1656 1052 Fran-

237 1101 405 1133 corum
439 1087 787 1149 Scotorumque
811 1084 972 1150 copias
1001 1093 1290 1149 exceperunt
1312 1121 1323 1143 ,
1354 1093 1433 1143 et,
1473 1083 1657 1130 fortiter

237 1163 534 1222 dimicantes,
560 1161 778 1227 pluribus
808 1161 1019 1208 hostium
1051 1160 1341 1208 vertentibus
1375 1170 1520 1225 terga,
1549 1178 1656 1208 ma-

237 1258 379 1306 gnam
403 1258 460 1289 ex
483 1240 661 1288 eisdem
689 1239 866 1288 caedem
889 1249 1188 1302 stragemque
1213 1238 1445 1285 fecerunt.

302 1322 482 1367 Omnes
523 1318 617 1366 illic
652 1321 907 1364 Scotorum
937 1317 1085 1381 copiae
1118 1333 1228 1363 cum
1270 1317 1366 1363 suis
1403 1316 1657 1381 praenomi-

237 1397 359 1445 natis
387 1395 588 1443 ducibus
617 1412 750 1461 paene
777 1394 1014 1441 exstinctae
1038 1403 1178 1452 sunt,
1212 1393 1394 1458 fuitque
1428 1395 1550 1441 inter
1577 1410 1658 1440 eos

237 1485 281 1523 et
306 1475 478 1540 Anglos
501 1474 581 1522 diu
607 1474 930 1537 acerrimeque
952 1481 1246 1536 pugnatum,
1269 1488 1423 1535 usque
1446 1471 1507 1519 ad
1532 1481 1656 1518 tota-

236 1553 328 1600 lem
365 1569 534 1600 eorum
567 1550 962 1598 internecionem.
1006 1552 1071 1595 Ex
1107 1548 1299 1595 Francis
1338 1549 1481 1595 etiam
1520 1548 1658 1595 multi

236 1630 510 1677 ceciderunt
527 1665 539 1689 ‚
591 1628 692 1675 aliis
748 1627 860 1673 fusis
903 1626 1088 1690 sibique
1140 1642 1226 1691 per
1279 1624 1439 1688 fugam
1482 1641 1657 1672 consu-

235 1707 458 1755 lentibus.
495 1705 674 1754 Cecidit
696 1704 760 1751 ibi
795 1721 955 1752 comes
979 1704 1039 1751 de
1069 1703 1325 1751 Alba-Mala
1358 1720 1469 1751 cum
1499 1703 1658 1751 multis

235 1784 336 1833 aliis
382 1784 624 1833 nobilibus
671 1786 982 1830 Francorum.
1033 1784 1140 1828 Dux
1184 1780 1429 1828 Alenconii
1449 1818 1461 1841 ‚
1503 1781 1658 1846 dejec-

233 1873 308 1911 tus
353 1862 415 1910 ad
461 1873 634 1910 terram
657 1898 668 1920 ,
715 1860 932 1907 confecto
975 1859 1136 1924 praelio
1152 1895 1166 1919 ,
1215 1859 1339 1906 inter
1386 1859 1655 1907 occisorum

233 1958 427 1990 acervos
474 1940 632 1988 adhuc
671 1939 835 1986 vivens
879 1948 1123 2004 repertus,
1169 1938 1385 2004 captivus
1421 1937 1655 1986 abductus

234 2029 320 2067 est.
411 2016 414 2019 “

297 2097 447 2144 Cessit
469 2097 628 2160 itaque
661 2093 819 2159 Anglis
839 2131 850 2153 ‚
877 2110 976 2140 non
1002 2094 1258 2141 incruenta
1283 2104 1442 2141 tamen
1462 2131 1473 2154 ,
1496 2093 1654 2141 victo-

233 2177 329 2237 ria3
363 2192 476 2223 nam
514 2184 562 2222 et
591 2191 648 2221 ex
682 2173 795 2238 ipsis
828 2172 966 2219 multi
1004 2171 1304 2233 ceciderunt,
1353 2172 1495 2237 longe
1538 2188 1653 2219 vero

234 2254 408 2320 plures,
437 2252 643 2301 cruentis
677 2251 881 2316 acceptis
912 2250 1216 2312 vulneribus,
1248 2250 1308 2297 ad
1344 2250 1542 2316 propria
1577 2250 1654 2298 vel

234 2332 474 2381 redierunt
488 2330 563 2379 vel
576 2329 813 2395 deportati
831 2339 961 2376 sunt.
978 2328 1287 2376 Horrendum
1304 2329 1444 2376 valde
1460 2339 1652 2395 aspectu

237 2421 335 2459 erat
358 2409 453 2458 illic
483 2425 713 2457 caesorum
744 2408 919 2455 intueri
942 2424 1137 2454 acervos
1165 2423 1364 2472 magnos
1389 2417 1435 2454 et
1457 2406 1649 2468 densos,

234 2489 468 2555 praecipue
486 2487 567 2535 ubi
582 2503 693 2534 cum
712 2485 863 2532 Scotis
883 2502 1042 2550 pugna
1067 2484 1233 2547 fuerat,
1256 2502 1281 2532 e
1297 2484 1471 2550 quibus
1495 2484 1653 2531 nullus

235 2575 287 2613 ut
309 2566 519 2631 captivus
539 2563 853 2611 abduceretur
875 2571 1087 2609 servatus
1106 2572 1200 2624 est;
1223 2579 1345 2627 quos
1364 2563 1506 2610 etiam
1523 2578 1653 2610 acer-

236 2660 322 2691 vos
354 2642 562 2707 plurium
588 2641 858 2707 permixtim
882 2657 1112 2688 caesorum
1137 2657 1194 2688 ex
1220 2640 1425 2706 Anglicis
1448 2655 1654 2705 corpora

236 2720 554 2785 adaugebant.

301 2799 422 2846 Huic
444 2807 602 2845 autem
631 2813 800 2863 pugnae
823 2795 1067 2844 acerbitati
1097 2795 1461 2859 crudelitatique
1487 2796 1655 2841 Scoto-

236 2894 346 2925 rum
368 2874 590 2942 superbia
623 2885 762 2938 atque
795 2873 1104 2939 praesumptio
1124 2889 1317 2921 causam
1340 2872 1513 2919 attulit.
1536 2874 1657 2920 Cum
