2086 3528
529 354 604 389 104
911 351 1252 389 HISTORIARUM
1279 352 1461 390 CAROLI
1487 353 1557 389 VII

596 437 653 479 Et
685 433 879 497 quidem
909 433 1143 497 primum,
1165 434 1297 497 juxta
1318 434 1480 482 villam
1505 433 1764 498 quamdam
1790 449 1941 499 prope

533 510 877 558 monasterium
905 510 1064 556 Sancti
1095 511 1218 556 Petri
1249 527 1392 576 supra
1422 511 1592 559 Divam
1607 513 1636 571 ¹,
1674 511 1723 557 in
1753 509 1944 558 dioecesi

534 588 760 652 Sagiensi‚
783 587 873 652 ipsi
897 587 1076 651 Anglici
1097 586 1281 634 collecti
1299 588 1483 636 circiter
1504 588 1701 636 trecenti
1723 597 1806 635 aut
1828 603 1943 652 qua-

535 666 773 730 dringenti
804 665 986 730 equites
1019 664 1108 712 sub
1135 665 1348 730 quodam
1382 667 1530 732 impio
1563 667 1830 732 capitaneo,
1865 666 1943 714 cui

533 758 802 807 cognomen
836 751 937 790 erat
973 741 1249 803 Venables²,
1287 743 1621 791 nefandissima
1654 744 1856 791 factione
1893 753 1945 791 ut

533 820 768 886 populum
791 836 1015 884 agrorum
1040 829 1085 867 et
1108 819 1325 867 villarum
1347 820 1396 866 in
1418 838 1567 868 unum
1588 821 1751 868 locum
1769 820 1875 885 cogi
1897 829 1944 868 et

532 898 811 962 congregari
836 898 1057 957 facerent,
1087 897 1306 944 consulto
1332 898 1561 945 miserunt
1586 898 1845 946 duodecim
1863 906 1946 945 aut

534 976 899 1042 quatuordecim
922 975 982 1022 de
1006 975 1118 1036 suis,
1142 975 1225 1039 qui
1240 974 1362 1021 duos
1379 984 1460 1021 aut
1483 985 1578 1022 tres
1597 976 1799 1022 rusticos
1822 975 1946 1022 illius

533 1055 670 1116 villae,
694 1071 815 1119 quos
840 1054 1007 1101 obvios
1029 1053 1327 1113 habuerunt,
1355 1051 1605 1099 crudeliter
1629 1042 1943 1101 trucidarunt.

536 1133 679 1196 Cujus
702 1131 933 1179 horrendi
953 1130 1139 1183 sceleris
1161 1147 1271 1177 cum
1297 1130 1576 1177 cucurrisset
1599 1130 1719 1178 fama
1741 1147 1828 1196 per
1848 1148 1948 1179 om-

535 1226 621 1257 nes
653 1209 786 1257 villas
810 1209 1005 1268 vicinas,
1037 1217 1083 1255 et
1106 1207 1194 1255 sibi
1223 1207 1423 1272 quisque
1441 1223 1542 1254 non
1564 1206 1742 1272 absque
1763 1208 1948 1256 ratione

537 1288 724 1334 timeret
747 1304 808 1333 ne
840 1287 1053 1333 similiter
1087 1295 1344 1351 pateretur,
1370 1285 1432 1331 ad
1454 1285 1664 1332 sonitum
1686 1300 1949 1350 campana—

537 1381 645 1411 rum
676 1363 737 1410 de
761 1363 882 1427 agris
904 1373 951 1409 et
973 1362 1093 1409 villis
1121 1361 1563 1425 circumjacentibus
1586 1378 1759 1425 magna
1789 1361 1948 1408 multi*

536 1442 656 1489 tudo
680 1441 848 1507 populi
870 1441 932 1488 ad
948 1457 1099 1487 unum
1122 1457 1172 1487 se
1187 1440 1348 1486 locum
1369 1448 1734 1504 congregarunt,
1755 1454 1952 1504 operam

539 1519 697 1566 daturi
716 1529 769 1566 ut
788 1519 981 1566 sicarios
1003 1518 1108 1565 illos
1123 1517 1488 1564 nefandissimos
1510 1516 1948 1582 apprehenderent,

538 1597 577 1644 si
618 1606 839 1661 possent,
882 1606 930 1643 et
981 1595 1042 1642 de
1076 1595 1192 1660 ipsis
1231 1595 1293 1642 ad
1330 1595 1514 1658 judices
1547 1595 1703 1659 regios
1734 1593 1953 1642 adductis

539 1690 706 1738 poenas
730 1673 913 1720 debitas
935 1674 1279 1737 reposcerent³.
1325 1673 1470 1730 Quod
1507 1689 1618 1719 cum
1657 1671 1723 1719 illi
1761 1671 1952 1719 nefandi

537 1750 785 1798 carnifices
807 1750 1009 1808 circiter,
1036 1763 1089 1796 ut
1123 1749 1329 1796 diximus
1339 1784 1351 1806 ‚
1382 1750 1581 1797 trecenti
1613 1748 1690 1796 vel
1724 1748 1953 1814 quadrin-

541 1828 669 1892 genti
703 1828 886 1891 equites
910 1828 1076 1874 armati
1111 1827 1353 1887 viderent,
1381 1827 1464 1891 qui
1486 1828 1535 1874 in
1566 1827 1748 1875 insidiis
1772 1826 1837 1874 ob
1859 1826 1954 1874 hoc

540 1907 749 1953 studiose
785 1899 1056 1965 latitabant,
1086 1904 1243 1952 subito
1273 1906 1322 1951 in
1357 1905 1464 1952 illos
1497 1921 1731 1971 pauperes
1753 1904 1955 1952 rusticos

543 1983 785 2049 pedestres
806 1982 854 2029 in
885 1982 991 2030 latis
1021 1999 1077 2030 ac
1101 1981 1374 2047 patentibus
1403 1982 1584 2048 campis
1607 1998 1718 2030 cum
1751 1981 1954 2045 ingentis

592 2158 631 2194 1.
663 2152 1157 2194 Saint-Pierre-sur-Dive.

592 2218 630 2254 2.
665 2215 799 2254 C’etait
815 2227 869 2253 un
885 2213 1053 2266 partisan
1072 2225 1147 2263 que
1165 2214 1187 2249 J
1190 2223 1261 2250 ean
1279 2210 1454 2249 Chartier
1475 2209 1666 2263 temoigne
1684 2212 1796 2252 avoir
1809 2214 1955 2266 occupe

538 2275 715 2326 l'abbaye
736 2274 783 2312 de
804 2274 972 2326 Savigny
997 2271 1167 2324 pendant
1189 2270 1379 2322 plusieurs
1407 2270 1502 2309 mois
1530 2283 1579 2309 en
1610 2274 1714 2311 1433
1735 2282 1772 2311 et
1800 2287 1827 2325 y
1846 2275 1956 2314 avoir

538 2344 703 2374 soutenu
722 2348 815 2373 avec
829 2334 960 2372 succes
972 2346 1025 2371 un
1039 2331 1142 2384 siege
1160 2332 1377 2384 vigoureux
1390 2340 1522 2370 contre
1539 2332 1594 2370 les
1617 2332 1737 2372 forces
1750 2333 1801 2373 du
1814 2334 1890 2374 sire
1907 2333 1956 2374 de

540 2395 673 2434 Laval.
706 2397 810 2432 Dans
831 2393 1040 2444 Godestoy,
1058 2407 1099 2443 p.
1122 2394 1185 2432 67.

595 2458 633 2494 3.
670 2472 684 2487 «
709 2457 767 2492 En
784 2468 827 2492 ce
848 2462 970 2505 temps
991 2454 1125 2501 (1433)
1152 2451 1400 2491 s'esleverent
1420 2460 1458 2490 et
1482 2452 1623 2490 mit-ent
1642 2466 1706 2491 sus
1723 2466 1811 2492 vers
1835 2455 1953 2504 Caen,

537 2514 684 2553 Baieux
706 2521 743 2551 et
759 2513 914 2551 ailleurs
935 2525 982 2550 en
1002 2511 1039 2550 la
1056 2510 1166 2550 basse
1185 2507 1437 2558 Normandie,
1450 2520 1582 2550 contre
1606 2511 1661 2550 les
1677 2513 1850 2565 Anglois,
1873 2521 1957 2552 tout

539 2573 578 2612 le
597 2573 739 2626 peuple
761 2581 799 2611 et
827 2585 1008 2610 commun
1033 2570 1084 2608 du
1117 2584 1228 2622 pays,
1255 2584 1329 2622 que
1349 2570 1478 2610 lesdits
1496 2571 1653 2623 Anglais
1675 2572 1831 2611 avoient
1848 2585 1959 2612 cons·

541 2634 679 2671 trainct
704 2633 751 2670 de
766 2632 926 2670 s’armer
939 2644 1036 2683 pour
1052 2630 1206 2668 resister
1223 2643 1317 2669 avec
1335 2630 1425 2668 eulx
1443 2639 1573 2669 contre
1587 2631 1622 2670 le
1635 2644 1707 2682 roy
1726 2640 1763 2670 et
1779 2631 1893 2670 ceulx
1907 2631 1956 2671 de

544 2706 612 2731 son
633 2701 759 2745 party.
796 2710 810 2726 n
857 2694 953 2729 Jean
982 2692 1168 2740 Chartier,
1205 2689 1299 2727 dans
1322 2688 1540 2740 Godesr0y‚
1561 2703 1613 2741 p.
1643 2692 1706 2728 65.
1737 2690 1958 2730 Monstrelet

544 2753 678 2800 rejette
710 2760 808 2792 cette
829 2752 932 2805 prise
960 2750 1149 2798 d’armes‚
1184 2749 1278 2788 dont
1307 2750 1332 2789 il
1355 2751 1417 2788 n’a
1442 2763 1510 2803 pas
1531 2750 1696 2804 compris
1726 2752 1762 2790 le
1788 2763 1902 2800 sens,
1933 2753 1954 2792 ὲ

539 2812 617 2851 l’an
639 2814 756 2851 1434.

1960 0 2086 206 Ἰ

2040 205 2059 245 Ψ,
