2086 3528
2 3172 5 3183 a
0 3140 6 3154 ‹-
0 3061 16 3105 -Ῥ
0 2987 6 3043 ὴ
0 2799 7 2962 --....„--
0 2369 5 2784 qvv-——.v.-.—-
0 2247 6 2341 ,ὴᾼῂ
0 1907 4 2228 ᾼ-Π-,Ἷὴ-
0 1845 2 1893 η-

59 2710 71 2715 Ι

663 387 810 424 LIBER
837 386 1069 433 QUARTUS
1515 390 1594 427 243

175 466 704 537 operisconsummatio
736 471 985 530 sineretur,
1017 479 1064 518 et
1092 470 1155 518 ad
1190 486 1370 518 annum
1394 489 1597 536 sequen-

174 560 272 599 tem
294 550 578 598 differretur.
606 548 751 606 Quod
774 549 811 595 si
835 549 899 596 ita
926 549 1086 596 fuisset
1114 549 1375 597 factitatum
1391 587 1403 608 ,
1428 551 1596 598 verisi-

175 627 347 675 militer
374 644 473 674 non
500 625 650 673 modo
682 626 1009 684 Normanniae,
1042 626 1126 673 sed
1152 627 1295 673 etiam
1326 627 1492 674 vicinis
1523 644 1595 675 re·

175 704 399 768 gionibus
429 703 636 750 maximo
665 703 939 750 obvenisset
967 702 1273 750 detrimento.
1311 703 1406 750 Sed
1427 719 1485 751 ex
1509 704 1598 751 Dei

175 780 476 847 providentia
510 790 786 845 opportune
826 788 966 826 tantae
1000 779 1267 827 necessitati
1308 779 1597 828 subventum

177 868 264 906 est.
312 863 314 866 ’

240 938 351 983 Erat
387 945 489 983 tum
525 936 573 982 in
613 935 877 982 ministerio
909 935 1048 998 regiae
1085 934 1259 981 domus
1292 935 1366 981 vir
1398 935 1598 999 quidam

176 1013 314 1062 valde
336 1014 598 1061 industrius
620 1024 666 1062 et
685 1013 915 1079 providus
929 1049 940 1071 ‚
959 1012 1167 1060 Jacobus
1187 1012 1357 1060 Cordis
1379 1014 1598 1061 nomina-

176 1101 269 1151 tus,
294 1091 410 1139 civis
429 1091 748 1147 Bituricensis,
777 1108 833 1138 ex
852 1089 1042 1156 plebeio
1067 1106 1256 1154 genere,
1278 1089 1362 1136 sed
1382 1090 1598 1154 profecto

177 1167 343 1233 grandi
381 1178 428 1215 et
450 1168 548 1215 acri
570 1167 762 1231 ingenio
780 1204 792 1224 ‚
821 1166 1121 1232 plurimaque
1144 1165 1287 1229 hujus
1310 1166 1467 1213 saeculi
1487 1184 1600 1232 pru·

177 1245 338 1293 dentia
358 1245 551 1292 callens.
584 1245 889 1308 Argentarius
908 1244 1063 1307 regius
1095 1244 1134 1290 is
1156 1253 1257 1291 erat
1279 1253 1326 1291 et
1351 1245 1566 1292 maximis
1583 1283 1595 1306 ,

177 1341 297 1388 quas
319 1324 402 1373 diu
427 1334 701 1372 exercuerat
723 1322 1066 1387 exercebatque
1088 1323 1320 1370 continuo
1337 1360 1350 1384 ,
1376 1324 1599 1387 negotia-

178 1404 388 1452 tionibus
406 1404 608 1451 multum
632 1421 718 1469 per
735 1404 900 1451 omnia
923 1403 1096 1468 opibus
1113 1403 1290 1451 ditatus
1314 1413 1361 1450 et
1394 1403 1599 1452 illustra-

179 1491 269 1529 tus.
296 1482 480 1528 Primus
501 1481 631 1528 enim
654 1481 872 1528 omnium
891 1483 1184 1527 Francorum
1204 1479 1276 1526 sui
1297 1479 1383 1526 aevi
1406 1479 1599 1544 galleas¹

179 1559 399 1607 instruxit
425 1569 472 1606 et
493 1559 721 1619 armavit,
748 1575 854 1623 quae
881 1567 1183 1623 exportantes
1216 1573 1403 1621 pannos
1436 1556 1601 1605 laneos

179 1647 226 1685 et
241 1637 331 1686 alia
350 1636 594 1685 artificiata
611 1653 665 1684 ex
687 1653 836 1700 regno
853 1653 939 1701 per
955 1635 1120 1682 Africae
1135 1643 1182 1681 et
1201 1634 1406 1681 Orientis
1421 1633 1597 1693 littora,

180 1730 332 1779 usque
349 1714 411 1762 ad
436 1713 766 1777 Alexandriam
784 1712 972 1777 AEgypti
996 1712 1297 1775 navigarent,
1323 1719 1370 1758 et
1387 1710 1500 1758 inde
1523 1728 1602 1758 va-

181 1793 279 1840 rios
308 1809 498 1858 pannos
534 1792 595 1839 de
619 1792 798 1850 serico,
825 1800 872 1837 et
894 1790 955 1837 de
988 1790 1122 1836 omni
1156 1789 1299 1836 etiam
1331 1798 1601 1836 aromatum

181 1886 376 1935 genere,
400 1870 524 1916 intra
549 1868 833 1919 Rhodanum
858 1866 1167 1926 reveherent;
1195 1882 1300 1930 quae
1321 1881 1422 1912 non
1453 1865 1602 1912 modo

181 1954 267 2012 per
283 1946 510 2006 Galliam,
535 1946 617 1993 sed
635 1962 720 2011 per
736 1945 1032 1993 Cataloniam
1055 1955 1102 1992 et
1125 1943 1396 2009 provincias
1425 1943 1603 1991 vicinas

182 2034 346 2089 postea
385 2023 703 2071 funderentur
719 2060 731 2081 ,
769 2038 934 2070 earum
964 2021 1130 2069 usibus
1168 2021 1445 2086 profuturae.
1483 2023 1603 2068 Nam

183 2119 268 2167 per
298 2112 437 2160 ante,
463 2118 575 2148 cum
606 2100 656 2147 id
687 2100 833 2163 longo
866 2116 967 2146 aevo
1000 2099 1102 2146 fieri
1132 2099 1293 2145 fuisset
1325 2097 1599 2158 insolitum,

184 2196 281 2226 non
307 2179 397 2226 nisi
417 2179 618 2226 aliarum
642 2178 855 2241 gentium
889 2177 1178 2235 ministerio,
1206 2185 1257 2222 ut
1281 2177 1599 2234 Venetorum,

184 2274 266 2304 seu
294 2257 605 2304 Januensium
629 2265 710 2303 aut
734 2255 1158 2303 Barcinonensium
1180 2292 1192 2314 ,
1224 2271 1298 2301 res
1326 2253 1604 2317 hujusmodi

184 2335 232 2382 in
268 2333 421 2381 Gallia
454 2333 770 2393 habebantur.
787 2336 900 2381 'Hac
925 2334 1085 2396 itaque
1109 2331 1290 2379 navalis
1319 2331 1604 2396 negotiatio-

186 2411 258 2458 nis
291 2410 552 2471 industria,
590 2410 806 2458 maximis
838 2409 1012 2475 opibus
1048 2409 1177 2456 idem
1210 2407 1416 2456 Jacobus
1441 2418 1607 2456 auctus

185 2487 336 2536 fuerat
353 2498 401 2536 et
414 2489 684 2552 insignitus.
698 2488 785 2536 Cui'
802 2488 869 2535 rei
888 2486 1141 2551 magnifica
1156 2486 1236 2534 illa
1251 2486 1441 2546 domus,
1461 2502 1605 2549 quam

186 2567 235 2613 in
257 2583 342 2614 sua
363 2567 552 2614 civitate
577 2566 786 2614 breviter
807 2565 1096 2624 construxit,
1124 2563 1495 2612 luculentissime
1520 2562 1606 2609 ad-

188 2643 441 2709 stipulatur
458 2646 500 2700 ¹3
527 2660 633 2707 quae
658 2644 873 2709 profecto
898 2652 995 2690 tam
1022 2641 1274 2705 magnifica
1296 2650 1342 2687 et
1363 2640 1507 2687 tantis
1529 2655 1610 2685 or-

246 2824 283 2861 1.
315 2825 390 2861 Des
410 2822 556 2875 galeres
577 2821 740 2872 (galle'es
758 2834 806 2859 en
829 2820 947 2859 vieux
966 2802 1130 2870 francais
1143 2821 1172 2866 ).

246 2886 284 2923 2.
316 2881 573 2930 Aujourd’hui
595 2881 716 2933 palais
732 2880 781 2920 de
799 2880 938 2929 justice
957 2888 994 2919 et
1012 2880 1117 2918 hotel
1137 2878 1186 2917 de
1206 2877 1298 2916 ville
1317 2876 1365 2915 de
1384 2879 1576 2928 Bourges,
