2086 3528
499 407 549 443 74
882 402 1224 442 HISTORIARUM
1250 404 1433 442 CAROLI
1458 404 1530 442 VII
1597 401 1601 405 ’

498 487 801 554 praesentium
818 485 1036 533 felicitate
1058 486 1108 532 in
1131 503 1264 551 spem
1285 487 1524 552 potiorem
1541 486 1708 547 erecti,
1724 486 1918 553 praefata

498 563 659 611 Puella
676 573 723 610 et
739 562 915 610 comite
931 563 1146 609 Dunensi
1165 563 1506 629 principalibus
1527 581 1696 612 eorum
1714 562 1917 612 ducibus

496 652 543 689 et
565 640 876 687 nihilominus
904 639 1006 687 aliis
1031 640 1237 688 militum
1268 643 1407 706 regiis
1438 643 1695 708 capitaneis
1730 641 1912 702 multis,

496 718 692 766 eosdem
723 719 900 782 Anglos
932 719 1154 783 persequi
1186 728 1233 766 et
1263 719 1325 767 ad
1352 720 1732 768 internecionem
1765 735 1918 784 usque

496 796 680 857 delere,
720 796 759 843 si
791 805 1000 861 potestas
1030 796 1243 856 daretur,
1269 797 1319 843 in
1359 798 1572 845 animum
1602 798 1910 846 induxerunt.

496 875 756 939 Anglorum
787 876 916 923 enim
949 875 1050 922 fore
1085 875 1226 922 simul
1249 885 1295 922 et
1323 875 1519 923 recidivi
1547 876 1816 941 periculum
1849 876 1916 924 eis

495 953 745 1001 imminere
757 952 1029 1015 videbatur,
1044 954 1082 1000 si
1093 953 1193 1016 jam
1211 952 1272 1000 ab
1289 954 1355 1001 eis
1372 953 1586 1002 devictos
1599 955 1915 1019 fugitivosque

495 1041 542 1078 et
566 1048 620 1079 ex
645 1032 795 1078 nimio
814 1048 994 1096 pavore
1018 1048 1153 1097 paene
1176 1047 1437 1095 exsangues
1463 1041 1626 1096 totque
1641 1034 1654 1057 ¹
1676 1032 1916 1080 exanimes

494 1108 713 1169 effectos,
757 1126 844 1174 per
879 1109 959 1156 illa
990 1109 1083 1156 lata
1118 1118 1165 1156 et
1198 1109 1407 1174 spatiosa
1442 1110 1724 1174 campestria
1753 1109 1918 1159 Belciae

494 1186 642 1234 libere
665 1186 796 1234 abire
821 1196 867 1234 et
898 1187 947 1234 in
980 1203 1067 1234 sua
1098 1204 1147 1234 se
1182 1196 1282 1234 tuta
1310 1186 1530 1251 profugia
1551 1187 1762 1253 recipere
1785 1187 1918 1251 igna-

494 1267 614 1313 viter
652 1266 993 1331 permisissent.
1040 1269 1133 1314 Eos
1174 1267 1334 1330 itaque
1369 1266 1571 1314 insecuti
1616 1275 1663 1314 et
1699 1266 1750 1313 in
1785 1274 1919 1315 vasta

493 1344 690 1410 planitie
724 1345 1041 1401 invenientes,
1071 1360 1223 1410 prope
1244 1344 1407 1392 villam
1439 1361 1544 1409 quae
1573 1344 1716 1408 vulgo
1749 1345 1920 1391 Parte*

493 1421 773 1487 appellatur,
795 1439 907 1470 cum
929 1421 1110 1470 eisdem
1132 1422 1398 1487 congressi,
1422 1421 1556 1469 nullo
1575 1438 1710 1487 paene
1725 1421 1918 1485 negotio

493 1510 803 1565 superarunt,
841 1500 1061 1566 pluribus
1092 1501 1220 1548 caesis
1255 1501 1523 1566 captisque,
1558 1500 1661 1548 aliis
1683 1516 1800 1548 vero
1832 1516 1919 1566 per

494 1577 652 1642 fugam
688 1577 873 1642 elapsis.
916 1580 1093 1642 Captus
1129 1577 1197 1624 ibi
1234 1577 1323 1624 fuit
1359 1577 1586 1625 dominus
1625 1577 1686 1625 de
1728 1576 1914 1638 Talbot,

492 1671 653 1702 comes
685 1655 745 1701 de
779 1654 1081 1715 Cherosberi,
1114 1671 1226 1702 cum
1262 1654 1363 1702 aliis
1394 1654 1625 1702 militibus
1657 1654 1919 1719 Anglorum

492 1733 669 1780 multis.
686 1736 777 1780 Eva
784 1733 842 1780 sit
853 1750 966 1780 vero
980 1733 1236 1798 perfugam
1250 1732 1475 1781 dominus
1485 1736 1510 1780 J
1513 1749 1693 1780 oannes
1705 1733 1915 1792 Fascot⁸,

492 1812 627 1859 miles
653 1812 899 1876 Anglicus,
924 1813 1040 1859 certi
1069 1813 1260 1859 numeri
1289 1811 1378 1859 sub
1409 1829 1459 1859 se
1481 1811 1708 1859 ducatum
1742 1811 1919 1859 militiae

490 1890 696 1952 habens;
712 1890 845 1955 quod
861 1890 950 1938 sibi
965 1890 1095 1956 apud
1118 1889 1337 1954 Anglicos
1357 1889 1562 1937 infamiae
1580 1899 1724 1954 atque
1741 1905 1919 1956 oppro-

490 1969 598 2016 brio
619 1986 718 2016 non
738 1969 899 2034 parvis
923 1968 1090 2017 datum
1114 1968 1242 2015 fuit&

951 2137 1298 2183 CAPITULUM
1331 2138 1452 2182 XIII.

490 2255 685 2301 Quomodo
698 2257 846 2292 Carolus
861 2257 1028 2292 inunctus
1038 2257 1105 2292 fuit
1118 2256 1156 2291 in
1168 2269 1287 2304 regem
1296 2257 1516 2292 Francorum
1527 2256 1563 2291 in
1574 2255 1714 2291 civitate
1726 2255 1892 2291 Remensi
1902 2269 1914 2301 ;

755 2326 790 2352 et
804 2316 850 2352 de
865 2317 998 2352 insultu
1015 2316 1062 2352 ad
1081 2317 1208 2352 urbem
1221 2316 1450 2352 Parisiensem
1462 2324 1646 2351 attentato.

554 2426 637 2473 His
658 2426 818 2489 itaque
847 2434 945 2472 tam
981 2424 1177 2472 feliciter
1209 2424 1399 2471 Francis
1424 2421 1841 2490 provenientibus,
1868 2431 1917 2470 et

489 2504 540 2551 in
560 2514 658 2551 tam
678 2502 919 2550 diversum
941 2502 1221 2567 permutatis
1244 2501 1387 2550 rebus
1419 2519 1476 2550 ex
1505 2500 1848 2551 adversissimis
1868 2508 1916 2548 et

543 2615 561 2651 1
573 2642 582 2651 .
613 2612 722 2651 Lisez
740 2620 853 2663 atque
870 2625 919 2651 au
936 2611 1015 2651 lieu
1028 2611 1077 2651 de
1095 2622 1233 2662 totque.

541 2674 581 2715 2.
612 2675 648 2712 A
665 2675 806 2723 Patay,
824 2685 872 2711 en
891 2674 1055 2721 Beauce,
1076 2671 1113 2710 le
1131 2673 1180 2709 18
1195 2670 1279 2719 juin
1299 2672 1417 2710 1429.

544 2735 583 2774 3.
613 2732 716 2773 John
733 2732 907 2772 Falstoff.

541 2796 581 2834 4.
612 2792 706 2832 Voir
729 2791 765 2832 le
786 2792 880 2831 recit
908 2791 956 2830 de
988 2790 1149 2830 Wavrin
1172 2790 1225 2829 du
1252 2789 1423 2830 Forestel
1455 2797 1493 2828 et
1523 2788 1561 2828 la
1586 2785 1833 2838 justification
1862 2784 1911 2825 de

487 2852 659 2901 Falstosf,
681 2861 708 2891 t.
728 2855 795 2902 lv,
817 2866 858 2905 p.
874 2854 968 2899 405,
991 2851 1058 2890 des
1078 2852 1213 2890 Procas
1233 2853 1281 2889 de
1299 2851 1585 2890 condamnation
1604 2858 1641 2887 et
1662 2850 1711 2886 de
1725 2845 1910 2886 &habili-

488 2916 608 2951 tcm‘on
627 2914 676 2950 de
694 2915 840 2951 Jeanne
862 2914 901 2950 Ia
920 2914 1088 2951 Pucelle.
