2086 3528
532 366 607 405 308
911 362 1253 403 HISTORIARUM
1278 361 1460 400 CAROLI
1487 361 1559 399 VII

530 458 578 496 et
599 445 958 513 quodammodo
982 445 1264 494 sarientibus
1286 445 1460 492 similes
1480 442 1650 504 effecti,
1669 442 1940 492 servitutem

530 525 809 590 gallicanam
836 523 1193 584 horrescentes,
1225 522 1470 569 communi
1504 520 1779 587 impeturad
1807 537 1941 571 arma

529 602 778 651 unanimes
819 610 1179 647 concurrerunt.
1222 599 1366 658 Quod
1404 616 1504 646 non
1541 599 1643 646 sine
1675 599 1846 647 timore
1885 614 1942 646 ac

527 689 708 727 terrore
730 677 877 725 iidem
898 677 1015 741 regii
1037 676 1349 724 commissarii
1371 692 1482 724 cum
1504 676 1680 724 factum
1703 676 1939 735 viderent,

526 758 683 805 soluto
717 766 957 804 conventu
976 792 988 816 ,
1031 756 1173 804 celeri
1221 756 1330 820 suga
1370 755 1460 803 sibi
1502 756 1802 804 consulentes
1822 792 1835 818 ,
1879 755 1942 804 ad

525 850 682 882 arcem
709 834 931 895 civitatis,
958 850 1102 897 quam
1126 832 1325 881 militare
1348 833 1618 898 praesidium
1646 849 1675 880 a
1705 849 1816 898 rege
1846 832 1942 880 illic

524 911 734 977 positum
757 909 1052 970 asservabat,
1075 926 1236 974 gressu
1253 926 1462 975 propero
1485 910 1942 975 confugerunthta-

526 990 612 1038 tim
634 1000 794 1038 autem
817 998 917 1036 tota
940 997 1183 1036 commota
1203 988 1391 1035 civitate
1424 997 1471 1035 et
1500 987 1766 1036 libertatem
1788 987 1941 1036 accla-

523 1077 684 1116 mante
701 1104 713 1128 ,
743 1068 886 1116 etiam
911 1083 1068 1114 arcem
1092 1067 1247 1132 ipsam
1270 1066 1523 1114 obsidione
1554 1066 1890 1115 concluserunt
1907 1069 1935 1114 ¹.

588 1147 706 1203 Quae
734 1161 808 1192 res
841 1161 953 1192 cum
977 1145 1076 1209 regi
1108 1144 1356 1192 exstitisset
1386 1145 1629 1205 nuntiata,
1655 1145 1802 1209 ipsius
1837 1145 1940 1193 ani·

521 1238 655 1268 mum
671 1238 771 1268 non
788 1236 960 1287 parurn
976 1222 1170 1268 anxium
1192 1220 1440 1284 reddebat,
1459 1238 1572 1269 cum
1594 1221 1822 1270 militibus
1843 1222 1941 1270 suis

523 1299 687 1361 etiam,
714 1308 883 1364 praeter
904 1299 1028 1346 illius
1057 1299 1260 1346 dominii
1290 1299 1596 1347 amissionem
1612 1337 1625 1360 ‚
1651 1316 1791 1364 grave
1813 1300 1941 1366 peri-

522 1376 686 1423 culum
704 1377 954 1424 imminere
976 1387 1210 1425 cerneret.
1230 1378 1453 1442 Cogitans
1469 1378 1629 1443 itaque
1647 1378 1730 1426 tali
1745 1377 1942 1426 obviare

517 1455 712 1518 jacturae
734 1491 747 1515 ‚
786 1455 926 1502 simul
961 1465 1008 1502 et
1039 1456 1258 1503 militiam
1296 1472 1432 1504 suam
1464 1456 1525 1504 ab
1561 1456 1841 1506 imminente
1874 1458 1941 1505 eis

523 1535 666 1583 exitio
695 1544 944 1599 protegere
968 1549 1024 1582 ac
1046 1534 1317 1597 defensare,
1343 1535 1696 1602 expeditionem
1717 1536 1800 1584 illo
1821 1536 1942 1584 mili-

524 1622 673 1661 tarem
689 1613 907 1661 navalem
929 1631 985 1662 ac
1007 1625 1276 1663 terrestrem
1299 1616 1536 1665 destinare
1560 1617 1757 1665 curavit.
1777 1617 1941 1666 Navali

523 1701 682 1739 autem
711 1691 896 1756 praefuit
927 1695 1154 1754 Renatus,
1184 1711 1267 1741 rex
1301 1695 1493 1755 Siciliae,
1520 1695 1580 1743 de
1603 1711 1700 1760 quo
1724 1695 1941 1761 superius

523 1770 796 1835 frequenter
819 1772 1150 1833 meminimus3
1177 1772 1260 1837 qui
1282 1789 1340 1820 ex
1361 1771 1518 1820 littore
1541 1772 1814 1833 Provinciae,
1836 1789 1941 1837 quae

522 1849 613 1896 sibi
632 1850 853 1915 parebat,
877 1850 1086 1898 collectis
1106 1850 1352 1898 nonnullis
1370 1850 1555 1915 galleis,
1583 1851 1727 1900 armis
1747 1860 1795 1899 et
1816 1851 1942 1899 mili-

523 1927 647 1976 tibus
671 1930 934 1991 iustructis‚
961 1946 1047 1995 per
1077 1946 1208 1978 mare
1233 1929 1295 1978 ad
1328 1929 1551 1977 solatium
1586 1929 1789 1978 obsessis
1822 1946 1940 1995 prae-

522 2006 747 2054 standum
762 2044 773 2066 ‚
799 2023 897 2054 una
919 2024 1031 2054 cum
1054 2008 1262 2055 terrestri
1286 2007 1585 2073 expeditione
1608 2006 1804 2055 deberet
1826 2023 1941 2054 con-

521 2099 731 2131 currere.
751 2084 948 2132 Parebat
964 2095 1124 2132 autem
1144 2085 1302 2136 adhuc
1319 2095 1420 2132 tum
1434 2084 1532 2148 regi
1551 2086 1755 2143 Savoua,
1776 2084 1940 2133 civitas

521 2160 784 2222 maritima,
809 2162 966 2208 vicina
996 2164 1184 2222 Januae3
1213 2179 1270 2209 ex
1301 2162 1435 2225 cujus
1458 2172 1628 2227 portu,
1655 2178 1766 2208 cum
1790 2162 1939 2226 copiae

519 2238 736 2301 equitum
759 2248 900 2304 atque
923 2239 1141 2304 peditum
1163 2257 1250 2306 per
1280 2250 1453 2287 terram
1482 2248 1654 2304 paratae
1686 2239 1935 2301 adforent,

518 2312 666 2361 classe
685 2314 858 2374 soluta,
885 2315 946 2361 ad
968 2326 1161 2381 portum
1184 2319 1344 2364 Januae
1361 2316 1488 2363 idem
1510 2319 1714 2363 Renatus
1733 2315 1933 2382 appulit.

518 2392 638 2438 Cum
653 2401 812 2439 autem
829 2410 885 2440 ex
904 2393 1105 2441 adverso
1122 2395 1211 2459 ipsi
1227 2397 1486 2442 Januenses
1502 2395 1664 2460 copias
1681 2393 1938 2443 nonnullas

515 2469 730 2533 equitum
754 2486 781 2517 a
803 2469 925 2517 duce
949 2471 1230 2533 Mediolani,
1257 2488 1453 2535 magnas
1476 2489 1669 2537 quoque
1691 2471 1932 2538 peditum,

515 2556 562 2592 et
596 2546 656 2593 de
685 2547 874 2595 civitate
909 2558 955 2595 et
990 2549 1314 2612 adjacentibus
1342 2550 1586 2598 montibus
1623 2560 1766 2615 atque
1799 2550 1936 2603 terris

511 2636 858 2690 aggregassent,
875 2627 923 2674 in
940 2631 1231 2675 Francorum
1251 2638 1518 2677 terrestrem
1540 2629 1815 2692 exercitum,
1835 2629 1930 2686 vix,

511 2702 694 2766 pedites
718 2704 793 2751 vel
816 2705 1023 2769 equites,
1047 2723 1134 2771 per
1156 2722 1322 2772 aspera
1340 2707 1533 2756 illorum
1562 2709 1800 2757 montium
1833 2723 1936 2772 gra-

566 2862 605 2898 1.
638 2863 690 2900 Le
713 2865 736 2899 9
759 2866 996 2905 marsMffl.
