2086 3528
532 395 607 431 212
922 391 1264 430 HISTORIARUM
1292 393 1471 430 CAROLI
1499 394 1568 429 vlt

533 475 672 522 batur
701 474 822 521 clam
851 490 877 520 a
906 473 1148 539 pluribus,
1181 491 1280 521 non
1316 474 1464 522 modo
1500 474 1596 520 suis
1619 471 1828 532 civibus,
1857 471 1938 519 sed

531 552 670 599 etiam
696 551 756 598 ab
779 551 891 617 ipsis
913 551 1115 615 Anglicis
1134 590 1145 612 ‚
1171 553 1252 617 qui
1285 569 1385 599 non
1422 553 1471 599 in
1507 566 1752 599 armorum
1779 548 1941 596 defen-

531 630 687 690 sione,
709 629 793 676 sed
816 630 865 676 in
886 629 1031 677 solius
1053 631 1142 677 Dei
1165 631 1486 678 misericordia
1505 640 1552 677 et
1569 630 1683 678 dicti
1705 627 1943 695 pontificis

529 706 830 772 providentia
855 725 949 755 suae
979 708 1138 756 salutis
1169 725 1223 756 ac
1247 710 1353 756 vitae
1384 726 1518 774 spem
1548 708 1806 774 repositam
1843 722 1943 753 esse

529 785 756 835 sciebant.
779 789 928 834 Porro
945 796 1079 834 tanta
1101 785 1189 834 sub
1211 786 1434 833 servitute
1454 797 1606 834 metus
1630 786 1756 833 cives
1777 793 1823 832 et
1839 800 1944 831 om-

530 882 614 912 nes
635 866 842 930 regionis
864 866 1035 914 accolae
1055 865 1234 913 detenti
1257 865 1442 913 fuerant
1463 865 1551 913 sub
1579 865 1837 930 Anglorum
1855 861 1943 910 do-

530 943 808 1005 minatione,
826 943 960 1008 quod
984 942 1142 990 nullus
1162 959 1218 990 ex
1235 941 1476 1002 omnibuS‚
1502 941 1610 989 licet
1630 939 1944 988 imminentis-

528 1021 703 1068 simum
719 1031 968 1069 cernerent
980 1021 1244 1086 periculum
1258 1058 1269 1080 ,
1291 1020 1351 1068 de
1368 1020 1610 1068 deditione
1627 1035 1709 1068 seu
1725 1017 1947 1085 pactione

527 1099 684 1165 aliqua
707 1117 818 1147 cum
844 1101 1035 1148 Francis
1058 1116 1198 1148 ausus
1221 1099 1383 1147 fuisset
1403 1098 1602 1146 verbum
1622 1098 1829 1164 aperire,
1855 1095 1947 1143 nisi

528 1178 623 1225 illic
661 1179 872 1243 optimus
910 1178 987 1227 ille
1022 1179 1276 1244 episcopus
1306 1187 1580 1244 opportune
1609 1175 1849 1224 adfuisset.
1889 1175 1949 1221 Et

528 1257 627 1321 ipse
650 1257 847 1321 quidem
864 1295 877 1320 ,
899 1257 1223 1324 periculorum
1246 1275 1443 1305 suorum
1474 1275 1575 1305 non
1603 1257 1817 1321 ignarus,
1843 1269 1949 1320 quae

529 1333 617 1381 sibi
635 1351 690 1382 ex
705 1336 838 1382 omni
851 1345 984 1400 parte
1000 1336 1049 1383 iu
1064 1352 1149 1384 sua
1162 1336 1373 1384 manenti
1387 1336 1573 1383 civitate
1587 1331 1946 1400 impendebant,

529 1411 663 1458 facile
677 1411 862 1472 eadem,
877 1413 915 1459 si
926 1412 1188 1478 [voluisset]
1196 1451 1207 1473 ,
1225 1414 1454 1479 potuisset
1466 1411 1676 1478 pericula
1688 1410 1946 1460 declinare.

528 1487 745 1536 Habebat
767 1489 896 1536 enim
918 1489 980 1537 ad
999 1489 1118 1537 duas
1140 1489 1298 1538 leucas
1321 1507 1348 1538 a
1373 1489 1561 1537 civitate
1584 1503 1670 1536 sua
1690 1487 1951 1536 munitissi-

529 1583 664 1613 mum
685 1577 893 1615 castrum
906 1569 934 1628 ¹,
958 1568 1007 1614 in
1030 1585 1127 1632 quo
1151 1569 1246 1617 suis
1269 1568 1454 1616 tantum
1478 1567 1732 1615 comitatus
1752 1565 1951 1631 capella-

528 1644 632 1705 nis,‘
662 1644 702 1691 si
733 1662 782 1692 se
817 1645 899 1692 illo
935 1646 1146 1711 recipere
1180 1646 1431 1707 voluisset,
1471 1644 1731 1711 expugnari
1761 1654 1901 1709 posse
1924 1659 1951 1690 a

529 1728 631 1767 toto
676 1724 968 1769 Francorum
1007 1723 1218 1770 exercitu
1264 1723 1460 1771 minime
1499 1721 1817 1770 formidasset.
1859 1719 1952 1784 Sed

529 1815 629 1846 non
663 1800 822 1847 minus
852 1801 948 1848 suis
983 1801 1305 1866 omnibusque
1333 1801 1503 1849 ovibus
1532 1817 1678 1866 quam
1699 1815 1794 1848 suae
1816 1797 1953 1846 saluti

528 1876 694 1924 volens
714 1879 990 1940 consulere,
1019 1880 1160 1927 tantis
1178 1890 1321 1946 caput
1340 1897 1483 1927 suum
1506 1879 1695 1940 maluit,
1717 1894 1807 1945 pro
1826 1893 1954 1926 com·

529 1954 666 2001 muni
696 1957 915 2004 omnium
939 1957 1114 2017 salute,
1142 1957 1382 2022 objectare
1409 1957 1654 2023 periculis,
1681 1971 1843 2021 quam,
1869 1954 1953 2003 eis·

528 2031 640 2080 dem
674 2032 902 2098 luporum
947 2045 994 2083 et
1028 2035 1298 2083 belluarum
1334 2036 1580 2101 rapacitati
1614 2051 1668 2083 ac
1705 2032 1953 2082 voracitati

527 2111 780 2176 expositis,
807 2113 881 2159 sui
906 2113 1052 2160 solius
1072 2113 1273 2160 salutem
1295 2113 1345 2160 in
1370 2122 1475 2161 tuto
1498 2111 1752 2160 collocare.

593 2189 711 2236 Cum
740 2190 881 2254 igitur
909 2189 1212 2238 adventasset
1244 2191 1548 2255 cinget-etque
1573 2206 1628 2237 ex
1660 2187 1793 2236 omni
1818 2198 1953 2254 parte

526 2264 764 2314 civitatem
797 2284 935 2315 suam
967 2269 1199 2316 exercitus
1230 2272 1551 2329 Francorum,
1586 2266 1670 2332 qui
1694 2265 1756 2314 ad
1786 2265 1953 2315 decem

528 2342 672 2391 millia
696 2345 929 2409 equitum,
958 2357 1127 2411 praeter
1148 2347 1393 2414 pedestres
1416 2347 1604 2413 copiaS,
1632 2353 1854 2412 poterant
1875 2358 1955 2394 ra—

527 2421 820 2471 tionabiliter
854 2425 1104 2486 aestimari,
1142 2426 1276 2491 petiit
1318 2441 1429 2473 cum
1464 2424 1713 2491 praecipuis
1750 2421 1955 2473 ducibus

526 2496 704 2546 habere
717 2516 828 2547 cum
843 2501 1092 2549 securitate
1112 2501 1425 2567 colloquium.
1448 2501 1591 2560 Quod
1611 2518 1721 2549 cum
1738 2500 1827 2549 sibi
1842 2501 1955 2549 satis

528 2575 783 2626 liberaliter
819 2579 1116 2646 libenterque
1159 2582 1536 2643 consensissent,
1589 2581 1732 2629 exivit
1764 2591 1951 2647 portam

528 2655 727 2704 civitatis
750 2674 860 2704 cum
881 2658 1117 2722 aliquibus
1149 2660 1245 2707 suis
1272 2659 1624 2720 sacerdotibus,
1655 2670 1708 2706 ut
1731 2673 1840 2706 cum
1864 2658 1954 2706 eis-

528 2732 639 2781 dem
673 2734 964 2800 loqueretur.
1004 2738 1216 2785 Tentavit
1252 2747 1410 2786 autem
1455 2736 1710 2804 imprimis,
1747 2735 1953 2784 reserens

583 2887 621 2924 1.
653 2889 706 2925 Le
725 2887 886 2927 chateau
907 2888 955 2928 de
973 2890 1467 2929 Courtonne-la-Meudrac.
