2086 3528
524 366 536 408 1
549 366 598 402 30
895 360 1241 407 HISTORIARUM
1270 362 1450 402 CAROLI
1481 361 1552 397 VII

519 461 799 519 quanquam
834 459 1039 510 corpore
1075 458 1277 511 procero.
1315 460 1371 499 ac
1415 451 1584 509 vegeto
1624 405 1945 500 communiter

519 542 623 574 esse
642 522 821 588 solent,
846 520 1120 587 pariterque
1139 519 1335 575 robusta
1350 519 1651 575 animositate
1669 518 1812 575 etiam
1834 519 1945 576 satis

519 599 738 656 instructi
763 607 908 666 atque
931 596 1078 662 pleni

586 681 768 730 Eorum
791 684 951 727 autem
974 674 1201 731 dominus
1218 674 1616 741 Burgundionum
1635 673 1750 736 dux,
1775 673 1946 733 videns

519 773 603 804 eos
619 756 680 814 ita
698 753 887 815 abiisse,
907 753 1052 800 etiam
1068 753 1170 818 ipse
1187 752 1250 800 ad
1261 768 1403 805 suum
1419 752 1664 810 {usulense
1682 751 1919 821 oppidum
1932 755 1946 778 ¹

520 850 569 881 se
593 832 788 897 recepit,
827 830 958 879 Illico
996 840 1157 885 autem
1192 829 1254 883 ad
1280 829 1467 889 ‘dictum
1501 829 1670 882 Calesii
1707 827 1944 896 oppidum

518 928 629 964 cum
646 905 807 958 'classe
839 908 1116 957 adventavit
1149 906 1245 960 dux
1276 906 1571 969 Gchestriae,
1597 915 1795 974 patruus
1815 908 1945 964 Hen-

516 989 603 1041 rici
620 988 743 1052 regis
766 996 1019 1052 tutorque,
1041 996 1156 1038 tunc
1176 986 1227 1037 in
1250 984 1418 1057 Anglia
1439 985 1680 1049 regnantis
1692 1003 1706 1050 3
1724 982 1812 1050 ¹qui
1831 1001 1944 1043 cum

517 1068 579 1122 ad
615 1067 773 1117 littora
811 1065 1108 1134 Calesiorum
1137 1081 1279 1117 suum
1318 1063 1616 1133 deposuisset
1652 1064 1938 1132 exercitum,

516 1144 798 1197 aestimatum
830 1141 894 1190 ad
919 1141 1198 1209 quindecim
1234 1140 1384 1196 millia
1408 1140 1650 1205 virorum,
1680 1150 1779 1194 tam
1807 1141 1942 1211 equi-

516 1231 619 1271 tum
651 1235 798 1287 quam
832 1218 1076 1285 peditum,
1109 1235 1249 1283 agros
1280 1217 1513 1283 villasque
1534 1217 1764 1274 Flandriae
1789 1235 1943 1291 popu-

513 1297 661 1351 lando
677 1295 1081 1361 incendendoque
1105 1296 1249 1360 longe
1266 1295 1455 1360 lateque
1469 1295 1687 1350 vastavit.
1718 1297 1806 1354 Per
1823 1294 1943 1352 fines

515 1377 646 1429 enim
664 1374 1074 1426 Cassellanorum²
1091 1390 1242 1445 usque
1261 1373 1324 1423 ad
1350 1373 1587 1446 oppidum
1607 1374 1748 1445 Ypris
1779 1373 1943 1431 omnia

514 1452 790 1521 diripiendo
805 1462 853 1499 et
868 1451 1130 1511 cremando
1154 1461 1435 1520 pervagatus
1450 1461 1543 1513 est,
1569 1468 1670 1503 non
1695 1451 1943 1518 inveniens

511 1532 595 1600 qui
617 1548 667 1580 se
692 1530 755 1584 ad
782 1531 1103 1587 resistendum
1124 1530 1411 1603 opponeret.
1442 1529 1798 1588 Tantummodo
1822 1531 1942 1601 fugae

509 1608 731 1674 praesidio
753 1624 855 1657 sese
873 1645 885 1668 ,
912 1609 997 1678 qui
1017 1609 1306 1674 potuissent,
1339 1607 1632 1665 tutabantur,
1661 1608 1808 1676 Quod
1829 1625 1940 1666 eum

509 1687 723 1753 fecisset,
746 1685 992 1742 honorum
1028 1688 1424 1756 captivorumque
1465 1688 1607 1752 eopia
1647 1688 1947 1754 permaxima

512 1773 714 1812 onustus
746 1764 1066 1830 sarcitusque,
1092 1765 1154 1813 ad
1185 1766 1382 1831 propria
1409 1765 1666 1821 incolumis
1700 1782 1812 1822 cum
1850 1783 1938 1825 suo

508 1847 718 1896 exercitu
741 1863 791 1900 sc
813 1847 1008 1913 recepit.

573 1928 632 1979 Et
670 1925 786 1982 tales
820 1926 1019 1992 quidem
1062 1926 1187 1982 illius
1228 1943 1411 1992 magnae
1444 1893 1762 1994 expeditionis
1798 1927 1936 1992 Flan-

506 2004 691 2062 drensis
725 2005 967 2070 profectus
1002 2005 1250 2070 exitusque
1287 2005 1445 2067 fuere,
1485 2023 1591 2071 quae
1621 2005 1936 2065 nihilominus

506 2083 651 2132 etiam
668 2083 751 2139 diu
776 2093 885 2149 post
908 2082 1159 2138 turbarum
1182 2099 1237 2130 ac
1259 2082 1550 2137 seditionum
1566 2119 1578 2142 ‚
1601 2084 1860 2151 praesertim
1884 2085 1933 2136 in

505 2159 587 2209 illo
605 2160 778 2224 insigni
796 2160 979 2227 oppido
997 2161 1248 2224 Brugensi‚
1265 2161 1512 2213 materiam
1533 2163 1935 2229 occasionemque

504 2238 688 2296 attulit3
716 2237 846 2289 unde
871 2237 1183 2290 incommoda
1205 2247 1251 2293 et
1273 2237 1588 2303 detrimenta²
1614 2239 1934 2304 quffidifficile

506 2315 728 2368 aestimari
766 2325 988 2381 possent,
1030 2315 1214 2363 civibus
1255 2316 1349 2368 loci
1382 2326 1550 2383 postea
1585 2327 1928 2384 provenerunt.

504 2395 638 2452 Quae,
659 2409 770 2447 cum
787 2403 918 2444 extra
940 2393 1252 2460 principalem
1271 2403 1446 2449 nostrae
1467 2395 1756 2455 narrationis
1774 2396 1932 2457 intem

504 2471 686 2537 tionem
720 2487 821 2527 esse
845 2470 1116 2532 videantur,
1143 2471 1283 2524 latius
1311 2471 1486 2525 referre
1511 2473 1608 2522 hoc
1642 2473 1752 2534 loco
1781 2475 1931 2534 omit,-

506 2559 678 2602 temus.

555 2729 594 2765 1.
626 2728 660 2765 A
678 2724 792 2767 Line.

552 2788 592 2825 2.
622 2789 677 2837 Le
696 2799 792 2840 pays
812 2784 862 2825 de
880 2785 1021 2833 Cassel.

2072 1002 2086 1227 a

2072 1229 2086 1346 ἐ
