2086 3528
694 310 840 385 nm
863 339 1081 383 manus.
1523 340 1599 377 103

673 523 1012 569 CAPITULUM
1046 524 1104 568 11.

208 647 367 693 Qualiter
379 658 546 697 agrorum
563 646 715 681 cultores
730 645 959 686 Normanniae
971 645 1058 693 jussi
1076 654 1156 685 sunt
1172 646 1320 692 armari,
1343 655 1378 682 et
1395 647 1579 698 quomodo

492 706 598 754 Angli
613 705 662 741 de
676 706 745 754 ipis
763 719 930 754 magnam
952 714 1104 754 Stragem
1121 707 1295 745 fecerunt.

248 813 306 866 Et
329 827 440 865 curn
473 810 700 866 adversus
728 814 898 863 eorum
921 811 1108 876 rapinas
1129 798 1187 859 et·
1197 811 1447 864 violentias
1470 812 1601 865 nulla

187 886 422 943 mffieiens
449 887 540 940 alia
564 888 774 954 provisio
798 905 880 937 seu
908 888 1174 940 remedium
1198 888 1438 937 videretur
1461 906 1599 955 posse

184 964 372 1027 afferri,
402 982 488 1031 per
525 966 708 1030 aliquot
746 975 856 1021 ante
892 981 1044 1021 anuos
1078 981 1223 1030 quam
1256 965 1383 1017 dicta
1420 982 1512 1032 pax
1549 968 1597 1023 in

185 1041 410 1098 Atrebate
440 1041 596 1103 fieret,
623 1041 858 1105 regalibus
883 1041 1048 1095 edictis
1073 1058 1158 1108 per
1189 1051 1340 1092 totam
1370 1045 1601 1094 Norman-

185 1119 314 1177 niam
340 1120 576 1172 sancitum
601 1129 671 1171 est
693 1129 740 1174 et
762 1128 1070 1184 p-raeceptum,
1098 1129 1150 1172 ut
1178 1136 1345 1169 omnes
1377 1136 1602 1185 agrorum

184 1199 390 1255 cultores
418 1215 550 1253 arma
578 1197 669 1252 sibi
699 1206 1034 1263 compararent
1055 1206 1102 1247 et
1123 1196 1389 1259 haberent,
1424 1197 1603 1263 quibus

75 1297 85 1304 ·
140 1286 159 1299 ·
183 1277 419 1340 instructi,
444 1294 562 1339 sese,
586 1287 683 1330 tam
701 1287 869 1332 contra
889 1275 1051 1332 hostes
1069 1279 1294 1339 Francos,
1315 1294 1462 1342 quam
1486 1295 1601 1326 con·

184 1365 259 1411 tra
287 1355 582 1409 latrunculos
611 1364 658 1402 et
686 1353 935 1419 praedones
965 1354 1164 1418 Augias,
1191 1355 1275 1419 qui
1300 1355 1507 1406 infinitas
1536 1357 1603 1403 eis

184 1433 378 1502 injurias
406 1443 542 1486 erant
575 1433 747 1488 assueti
780 1433 1018 1497 irrogare,
1051 1443 1244 1497 possent
1280 1435 1423 1486 tutari
1459 1444 1601 1499 atque

185 1512 455 1568 defendere.
485 1515 632 1565 Erant
658 1512 787 1566 enim
810 1529 896 1577 per
924 1511 1132 1575 singulas
1151 1510 1281 1559 villas
1303 1521 1352 1558 et
1370 1512 1501 1559 vicos
1523 1530 1602 1559 m·-

184 1591 334 1645 dinati
365 1590 649 1645 decuriones
681 1606 763 1641 seu
790 1589 975 1648 decani,
1001 1589 1414 1653 quinquagenasii,
1443 1600 1603 1637 centu.

185 1670 363 1730 riones,
382 1668 652 1731 millenarii,
669 1678 716 1721 et
735 1668 802 1724 sie
823 1667 1148 1727 ascendendO,
1170 1668 1261 1715 sub
1283 1669 1456 1732 quibus
1478 1688 1597 1733 sese,

185 1747 492 1804 ecclessiarum
522 1745 805 1801 sonantibus
834 1746 1094 1811 campanis,
1116 1746 1409 1810 colligerent,
1441 1759 1489 1796 et
1512 1751 1601 1799 sub

185 1843 352 1881 eorum
381 1825 558 1879 ducatu
583 1824 775 1878 obviam
808 1823 1046 1884 hostibus,
1079 1823 1161 1870 ubi
1192 1842 1315 1890 opus
1335 1825 1472 1888 foret,
1492 1845 1602 1893 pro-

183 1904 436 1964 cederent,
458 1902 529 1955 vel
541 1903 706 1955 sicum
716 1902 920 1967 Anglicis
941 1919 1016 1950 res
1038 1911 1271 1966 ageretur,
1292 1904 1376 1967 qui
1390 1904 1598 1970 aliquam

183 1983 332 2033 cuivis
350 1982 638 2046 irrogassent
658 1981 903 2045 injuriam,
930 1981 1058 2045 ipsos
1080 1989 1302 2045 potenter
1323 1998 1466 2030 manu
1491 1984 1599 2032 forti

182 2060 612 2127 apprehenderent,
633 2070 679 2108 et
700 2059 762 2107 ad
775 2059 1060 2123 justiciarios
1084 2059 1238 2123 regios
1263 2077 1352 2124 pro
1375 2061 1600 2125 qualitate

183 2139 528 2188 maleficiorum
549 2138 820 2204 puniendos
848 2137 1157 2190 deducerent.
1192 2138 1286 2186 Sed
1314 2155 1371 2186 ea
1394 2142 1600 2206 populo-

184 2234 294 2271 rum
315 2227 363 2265 et
385 2219 547 2282 patriae
569 2217 776 2279 libertas,
808 2232 904 2280 qua
925 2217 1135 2263 insolens
1170 2215 1248 2263 illa
1276 2225 1323 2263 et
1345 2217 1602 2287 indiscipli-

184 2307 312 2360 nata,
337 2298 515 2364 rapinis
533 2308 675 2367 atque
694 2296 877 2361 injuriis
902 2305 1104 2356 assueta,
1131 2296 1394 2360 Anglorum
1411 2299 1595 2364 militia,

186 2394 214 2425 a
233 2376 449 2424 libertate
483 2375 698 2441 rapiendi
733 2384 780 2422 et
807 2373 1003 2437 injurias
1025 2391 1114 2438 pro
1146 2373 1280 2423 libito
1314 2376 1600 2443 cuicumque

187 2455 436 2514 inserendi,
448 2465 591 2520 prout
603 2454 834 2502 hactenus
851 2462 1214 2513 consueverant,
1232 2453 1597 2519 prohibebatur,

189 2533 302 2599 ipsis
333 2532 636 2600 praedonibus
669 2533 825 2597 Anglis
852 2531 1267 2579 vehementissime
1302 2532 1596 2598 displicebat.

190 2611 328 2658 Unde
367 2610 540 2658 modos
574 2610 960 2669 nefandissimos,
1002 2610 1049 2655 in
1096 2609 1309 2674 pluribus
1345 2612 1602 2675 provinciae

191 2688 493 2739 Normanniae
521 2687 761 2752 partibus,
799 2688 1127 2752 excogitarunt
1166 2697 1213 2733 et
1253 2689 1599 2752 practicarum,

191 2767 367 2832 quibus
407 2765 669 2813 libertatem
709 2766 839 2814 illam
875 2766 1055 2831 populi.
1087 2766 1299 2814 adimere
1317 2804 1329 2827 ,
1373 2777 1418 2814 et
1450 2768 1603 2833 ipsam

192 2862 387 2912 prorsus
412 2844 703 2907 exstinguere
729 2854 775 2892 et
793 2845 1105 2891 exterminare
1127 2853 1336 2908 possent.
