<?xml version="1.0" encoding="UTF-8"?>
<!DOCTYPE html PUBLIC "-//W3C//DTD XHTML 1.0 Transitional//EN"
    "http://www.w3.org/TR/xhtml1/DTD/xhtml1-transitional.dtd">
<html xmlns="http://www.w3.org/1999/xhtml" xml:lang="en" lang="en">
 <head>
  <title>
</title>
<meta http-equiv="Content-Type" content="text/html;charset=utf-8" />
  <meta name='ocr-system' content='tesseract 3.04.00' />
  <meta name='ocr-capabilities' content='ocr_page ocr_carea ocr_par ocr_line ocrx_word'/>
</head>
<body>
  <div class='ocr_page' id='page_1' title='image "./histoiredesrgn01basiuoft_0408.png"; bbox 0 0 2086 3528; ppageno 0'>
   <div class='ocr_carea' id='block_1_1' title="bbox 490 381 1524 424">
    <p class='ocr_par' dir='ltr' id='par_1_1' title="bbox 490 381 1524 424">
     <span class='ocr_line' id='line_1_1' title="bbox 490 381 1524 424; baseline 0.006 -6"><span class='ocrx_word' id='word_1_1' title='bbox 490 381 567 419; x_wconf 66' lang='lat'><strong>234</strong></span> <span class='ocrx_word' id='word_1_2' title='bbox 874 382 1217 422; x_wconf 84' lang='lat' dir='ltr'><strong>HISTORIARUM</strong></span> <span class='ocrx_word' id='word_1_3' title='bbox 1245 384 1428 423; x_wconf 84' lang='lat' dir='ltr'><strong>CAROLI</strong></span> <span class='ocrx_word' id='word_1_4' title='bbox 1455 387 1524 424; x_wconf 90' lang='lat' dir='ltr'><strong>VII</strong></span> 
     </span>
    </p>
   </div>
   <div class='ocr_carea' id='block_1_2' title="bbox 920 575 1458 624">
    <p class='ocr_par' dir='ltr' id='par_1_2' title="bbox 920 575 1458 624">
     <span class='ocr_line' id='line_1_2' title="bbox 920 575 1458 624; baseline 0.007 -4"><span class='ocrx_word' id='word_1_5' title='bbox 920 575 1260 623; x_wconf 84' lang='lat' dir='ltr'><strong>CAPITULUM</strong></span> <span class='ocrx_word' id='word_1_6' title='bbox 1294 578 1458 624; x_wconf 91' lang='lat' dir='ltr'><strong>XXIII.</strong></span> 
     </span>
    </p>
   </div>
   <div class='ocr_carea' id='block_1_3' title="bbox 581 702 1814 751">
    <p class='ocr_par' dir='ltr' id='par_1_3' title="bbox 581 702 1814 751">
     <span class='ocr_line' id='line_1_3' title="bbox 581 702 1814 751; baseline 0.004 -14"><span class='ocrx_word' id='word_1_7' title='bbox 581 702 634 737; x_wconf 91' lang='lat' dir='ltr'>De</span> <span class='ocrx_word' id='word_1_8' title='bbox 650 703 758 738; x_wconf 78' lang='lat' dir='ltr'><strong>classe</strong></span> <span class='ocrx_word' id='word_1_9' title='bbox 773 711 908 739; x_wconf 89' lang='lat' dir='ltr'><strong>armata</strong></span> <span class='ocrx_word' id='word_1_10' title='bbox 921 705 1118 751; x_wconf 88' lang='lat' dir='ltr'><strong>Anglorum</strong></span> <span class='ocrx_word' id='word_1_11' title='bbox 1132 705 1235 741; x_wconf 85' lang='lat' dir='ltr'><strong>missa</strong></span> <span class='ocrx_word' id='word_1_12' title='bbox 1251 704 1297 740; x_wconf 88' lang='lat' dir='ltr'><strong>ad</strong></span> <span class='ocrx_word' id='word_1_13' title='bbox 1313 704 1556 742; x_wconf 84' lang='lat' dir='ltr'>defensionem</span> <span class='ocrx_word' id='word_1_14' title='bbox 1570 706 1814 743; x_wconf 67' lang='lat' dir='ltr'><strong>Normannia.</strong></span> 
     </span>
    </p>
   </div>
   <div class='ocr_carea' id='block_1_4' title="bbox 470 826 1904 2610">
    <p class='ocr_par' dir='ltr' id='par_1_4' title="bbox 470 826 1904 2610">
     <span class='ocr_line' id='line_1_4' title="bbox 551 826 1904 892; baseline 0.004 -21"><span class='ocrx_word' id='word_1_15' title='bbox 551 826 674 871; x_wconf 91' lang='lat' dir='ltr'><strong>Cum</strong></span> <span class='ocrx_word' id='word_1_16' title='bbox 704 834 865 872; x_wconf 89' lang='lat' dir='ltr'><strong>autem</strong></span> <span class='ocrx_word' id='word_1_17' title='bbox 897 835 1086 891; x_wconf 91' lang='lat' dir='ltr'><strong>tempus</strong></span> <span class='ocrx_word' id='word_1_18' title='bbox 1123 827 1246 874; x_wconf 88' lang='lat' dir='ltr'><strong>veris</strong></span> <span class='ocrx_word' id='word_1_19' title='bbox 1277 837 1398 875; x_wconf 91' lang='lat' dir='ltr'><strong>esset</strong></span> <span class='ocrx_word' id='word_1_20' title='bbox 1440 837 1487 875; x_wconf 91' lang='lat' dir='ltr'><strong>et</strong></span> <span class='ocrx_word' id='word_1_21' title='bbox 1518 827 1619 892; x_wconf 74' lang='lat' dir='ltr'><strong>jain</strong></span> <span class='ocrx_word' id='word_1_22' title='bbox 1651 828 1904 877; x_wconf 86' lang='lat' dir='ltr'><strong>maritimis</strong></span> 
     </span>
     <span class='ocr_line' id='line_1_5' title="bbox 486 902 1904 971; baseline 0.003 -21"><span class='ocrx_word' id='word_1_23' title='bbox 486 902 869 967; x_wconf 82' lang='lat' dir='ltr'><strong>navigationibus</strong></span> <span class='ocrx_word' id='word_1_24' title='bbox 905 903 1303 964; x_wconf 89' lang='lat' dir='ltr'><strong>accommodum,</strong></span> <span class='ocrx_word' id='word_1_25' title='bbox 1338 915 1582 970; x_wconf 84' lang='lat' dir='ltr'>sperantes</span> <span class='ocrx_word' id='word_1_26' title='bbox 1612 906 1776 971; x_wconf 84' lang='lat' dir='ltr'><strong>Angli,</strong></span> <span class='ocrx_word' id='word_1_27' title='bbox 1801 922 1904 954; x_wconf 92' lang='lat' dir='ltr'><strong>non</strong></span> 
     </span>
     <span class='ocr_line' id='line_1_6' title="bbox 486 980 1900 1045; baseline 0.004 -18"><span class='ocrx_word' id='word_1_28' title='bbox 486 980 636 1028; x_wconf 91' lang='lat' dir='ltr'><strong>modo</strong></span> <span class='ocrx_word' id='word_1_29' title='bbox 667 997 774 1045; x_wconf 86' lang='lat' dir='ltr'><strong>quae</strong></span> <span class='ocrx_word' id='word_1_30' title='bbox 801 981 960 1028; x_wconf 89' lang='lat' dir='ltr'><strong>adhuc</strong></span> <span class='ocrx_word' id='word_1_31' title='bbox 992 981 1262 1029; x_wconf 86' lang='lat' dir='ltr'><strong>retinebant</strong></span> <span class='ocrx_word' id='word_1_32' title='bbox 1293 982 1343 1028; x_wconf 91' lang='lat' dir='ltr'><strong>in</strong></span> <span class='ocrx_word' id='word_1_33' title='bbox 1367 983 1662 1031; x_wconf 90' lang='lat' dir='ltr'><strong>Normannia</strong></span> <span class='ocrx_word' id='word_1_34' title='bbox 1684 999 1900 1045; x_wconf 87' lang='lat' dir='ltr'><strong>servare,</strong></span> 
     </span>
     <span class='ocr_line' id='line_1_7' title="bbox 483 1058 1899 1125; baseline 0.002 -19"><span class='ocrx_word' id='word_1_35' title='bbox 483 1058 569 1106; x_wconf 91' lang='lat' dir='ltr'><strong>sed</strong></span> <span class='ocrx_word' id='word_1_36' title='bbox 595 1059 739 1106; x_wconf 91' lang='lat' dir='ltr'><strong>etiam</strong></span> <span class='ocrx_word' id='word_1_37' title='bbox 767 1061 940 1106; x_wconf 91' lang='lat' dir='ltr'><strong>amissa</strong></span> <span class='ocrx_word' id='word_1_38' title='bbox 968 1076 1108 1125; x_wconf 93' lang='lat' dir='ltr'><strong>posse</strong></span> <span class='ocrx_word' id='word_1_39' title='bbox 1136 1076 1445 1125; x_wconf 86' lang='lat' dir='ltr'><strong>recuperare,</strong></span> <span class='ocrx_word' id='word_1_40' title='bbox 1472 1060 1702 1108; x_wconf 88' lang='lat' dir='ltr'><strong>instructa</strong></span> <span class='ocrx_word' id='word_1_41' title='bbox 1729 1060 1899 1122; x_wconf 89' lang='lat' dir='ltr'><strong>classe,</strong></span> 
     </span>
     <span class='ocr_line' id='line_1_8' title="bbox 483 1136 1902 1203; baseline 0.002 -18"><span class='ocrx_word' id='word_1_42' title='bbox 483 1154 595 1185; x_wconf 89' lang='lat' dir='ltr'><strong>cum</strong></span> <span class='ocrx_word' id='word_1_43' title='bbox 631 1154 711 1185; x_wconf 84' lang='lat' dir='ltr'><strong>sex</strong></span> <span class='ocrx_word' id='word_1_44' title='bbox 733 1136 810 1184; x_wconf 90' lang='lat' dir='ltr'><strong>vel</strong></span> <span class='ocrx_word' id='word_1_45' title='bbox 843 1147 1025 1203; x_wconf 83' lang='lat' dir='ltr'>septem</span> <span class='ocrx_word' id='word_1_46' title='bbox 1060 1137 1269 1185; x_wconf 87' lang='lat' dir='ltr'><strong>millibus</strong></span> <span class='ocrx_word' id='word_1_47' title='bbox 1300 1147 1594 1186; x_wconf 88' lang='lat' dir='ltr'><strong>armatorum</strong></span> <span class='ocrx_word' id='word_1_48' title='bbox 1624 1140 1902 1188; x_wconf 85' lang='lat' dir='ltr'><strong>transmisso</strong></span> 
     </span>
     <span class='ocr_line' id='line_1_9' title="bbox 482 1203 1902 1282; baseline 0.002 -19"><span class='ocrx_word' id='word_1_49' title='bbox 482 1217 602 1264; x_wconf 89' lang='lat' dir='ltr'><strong>freto</strong></span> <span class='ocrx_word' id='word_1_50' title='bbox 618 1255 630 1277; x_wconf 90' lang='lat'>‚</span> <span class='ocrx_word' id='word_1_51' title='bbox 680 1216 742 1264; x_wconf 89' lang='lat' dir='ltr'><strong>ad</strong></span> <span class='ocrx_word' id='word_1_52' title='bbox 778 1217 1198 1281; x_wconf 88' lang='lat' dir='ltr'><strong>Caesaris-Burgum</strong></span> <span class='ocrx_word' id='word_1_53' title='bbox 1239 1217 1592 1282; x_wconf 88' lang='lat' dir='ltr'><strong>applicuerunt.</strong></span> <span class='ocrx_word' id='word_1_54' title='bbox 1613 1203 1741 1275; x_wconf 37' lang='lat' dir='ltr'><strong>&#39;Quo</strong></span> <span class='ocrx_word' id='word_1_55' title='bbox 1790 1234 1902 1266; x_wconf 88' lang='lat' dir='ltr'><strong>cum</strong></span> 
     </span>
     <span class='ocr_line' id='line_1_10' title="bbox 482 1294 1904 1361; baseline 0.001 -19"><span class='ocrx_word' id='word_1_56' title='bbox 482 1295 800 1361; x_wconf 87' lang='lat' dir='ltr'><strong>appulissent,</strong></span> <span class='ocrx_word' id='word_1_57' title='bbox 844 1295 1002 1341; x_wconf 86' lang='lat' dir='ltr'><strong>statim</strong></span> <span class='ocrx_word' id='word_1_58' title='bbox 1034 1304 1242 1342; x_wconf 87' lang='lat' dir='ltr'><strong>castrum</strong></span> <span class='ocrx_word' id='word_1_59' title='bbox 1289 1294 1642 1355; x_wconf 88' lang='lat' dir='ltr'><strong>Valloniarum,</strong></span> <span class='ocrx_word' id='word_1_60' title='bbox 1677 1305 1725 1342; x_wconf 90' lang='lat' dir='ltr'><strong>et</strong></span> <span class='ocrx_word' id='word_1_61' title='bbox 1764 1295 1904 1361; x_wconf 88' lang='lat' dir='ltr'><strong>plura</strong></span> 
     </span>
     <span class='ocr_line' id='line_1_11' title="bbox 481 1372 1902 1433; baseline 0.001 -13"><span class='ocrx_word' id='word_1_62' title='bbox 481 1373 572 1420; x_wconf 88' lang='lat' dir='ltr'><strong>alia</strong></span> <span class='ocrx_word' id='word_1_63' title='bbox 589 1372 783 1421; x_wconf 90' lang='lat' dir='ltr'><strong>castella</strong></span> <span class='ocrx_word' id='word_1_64' title='bbox 796 1373 1067 1420; x_wconf 86' lang='lat' dir='ltr'><strong>exsistentia</strong></span> <span class='ocrx_word' id='word_1_65' title='bbox 1083 1373 1131 1419; x_wconf 93' lang='lat' dir='ltr'><strong>in</strong></span> <span class='ocrx_word' id='word_1_66' title='bbox 1145 1372 1308 1420; x_wconf 92' lang='lat' dir='ltr'><strong>clauso</strong></span> <span class='ocrx_word' id='word_1_67' title='bbox 1327 1373 1755 1433; x_wconf 88' lang='lat' dir='ltr'><strong>Constantinensi¹,</strong></span> <span class='ocrx_word' id='word_1_68' title='bbox 1769 1373 1902 1423; x_wconf 87' lang='lat' dir='ltr'><strong>nulla</strong></span> 
     </span>
     <span class='ocr_line' id='line_1_12' title="bbox 479 1450 1902 1518; baseline 0 -19"><span class='ocrx_word' id='word_1_69' title='bbox 479 1468 633 1518; x_wconf 88' lang='lat' dir='ltr'>prope</span> <span class='ocrx_word' id='word_1_70' title='bbox 656 1452 722 1499; x_wconf 92' lang='lat' dir='ltr'><strong>eis</strong></span> <span class='ocrx_word' id='word_1_71' title='bbox 746 1453 867 1500; x_wconf 88' lang='lat' dir='ltr'><strong>facta</strong></span> <span class='ocrx_word' id='word_1_72' title='bbox 898 1451 1202 1511; x_wconf 83' lang='lat' dir='ltr'><strong>resistentia²,</strong></span> <span class='ocrx_word' id='word_1_73' title='bbox 1230 1460 1541 1516; x_wconf 87' lang='lat' dir='ltr'><strong>receperunt;</strong></span> <span class='ocrx_word' id='word_1_74' title='bbox 1573 1451 1640 1499; x_wconf 91' lang='lat' dir='ltr'><strong>ita</strong></span> <span class='ocrx_word' id='word_1_75' title='bbox 1663 1450 1797 1516; x_wconf 87' lang='lat' dir='ltr'><strong>quod</strong></span> <span class='ocrx_word' id='word_1_76' title='bbox 1824 1461 1902 1499; x_wconf 90' lang='lat' dir='ltr'><strong>to-</strong></span> 
     </span>
     <span class='ocr_line' id='line_1_13' title="bbox 479 1528 1901 1595; baseline 0.001 -18"><span class='ocrx_word' id='word_1_77' title='bbox 479 1540 584 1577; x_wconf 86' lang='lat' dir='ltr'><strong>tum</strong></span> <span class='ocrx_word' id='word_1_78' title='bbox 607 1530 727 1578; x_wconf 90' lang='lat' dir='ltr'><strong>illud</strong></span> <span class='ocrx_word' id='word_1_79' title='bbox 749 1529 1050 1578; x_wconf 88' lang='lat' dir='ltr'><strong>Constantini</strong></span> <span class='ocrx_word' id='word_1_80' title='bbox 1067 1529 1283 1577; x_wconf 90' lang='lat' dir='ltr'><strong>clausum</strong></span> <span class='ocrx_word' id='word_1_81' title='bbox 1301 1565 1312 1589; x_wconf 86' lang='lat'>,</span> <span class='ocrx_word' id='word_1_82' title='bbox 1339 1528 1554 1595; x_wconf 89' lang='lat' dir='ltr'><strong>locuples</strong></span> <span class='ocrx_word' id='word_1_83' title='bbox 1572 1529 1769 1594; x_wconf 89' lang='lat' dir='ltr'><strong>quidem</strong></span> <span class='ocrx_word' id='word_1_84' title='bbox 1786 1539 1901 1580; x_wconf 90' lang='lat' dir='ltr'><strong>tunc</strong></span> 
     </span>
     <span class='ocr_line' id='line_1_14' title="bbox 478 1607 1900 1674; baseline 0.001 -19"><span class='ocrx_word' id='word_1_85' title='bbox 478 1617 526 1655; x_wconf 91' lang='lat' dir='ltr'><strong>et</strong></span> <span class='ocrx_word' id='word_1_86' title='bbox 549 1608 858 1674; x_wconf 89' lang='lat' dir='ltr'><strong>opulentum,</strong></span> <span class='ocrx_word' id='word_1_87' title='bbox 884 1607 974 1655; x_wconf 93' lang='lat' dir='ltr'><strong>sub</strong></span> <span class='ocrx_word' id='word_1_88' title='bbox 997 1623 1081 1654; x_wconf 88' lang='lat' dir='ltr'><strong>sua</strong></span> <span class='ocrx_word' id='word_1_89' title='bbox 1103 1607 1285 1654; x_wconf 90' lang='lat' dir='ltr'><strong>ditione</strong></span> <span class='ocrx_word' id='word_1_90' title='bbox 1315 1607 1560 1655; x_wconf 87' lang='lat' dir='ltr'><strong>tenebant.</strong></span> <span class='ocrx_word' id='word_1_91' title='bbox 1595 1610 1718 1655; x_wconf 91' lang='lat' dir='ltr'><strong>Cum</strong></span> <span class='ocrx_word' id='word_1_92' title='bbox 1739 1617 1900 1657; x_wconf 88' lang='lat' dir='ltr'><strong>autem</strong></span> 
     </span>
     <span class='ocr_line' id='line_1_15' title="bbox 477 1683 1894 1745; baseline 0.001 -12"><span class='ocrx_word' id='word_1_93' title='bbox 477 1686 528 1733; x_wconf 94' lang='lat' dir='ltr'><strong>in</strong></span> <span class='ocrx_word' id='word_1_94' title='bbox 571 1685 745 1734; x_wconf 89' lang='lat' dir='ltr'><strong>eodem</strong></span> <span class='ocrx_word' id='word_1_95' title='bbox 780 1685 943 1734; x_wconf 90' lang='lat' dir='ltr'><strong>clauso</strong></span> <span class='ocrx_word' id='word_1_96' title='bbox 982 1701 1085 1733; x_wconf 92' lang='lat' dir='ltr'><strong>sese</strong></span> <span class='ocrx_word' id='word_1_97' title='bbox 1126 1683 1297 1733; x_wconf 91' lang='lat' dir='ltr'><strong>diebus</strong></span> <span class='ocrx_word' id='word_1_98' title='bbox 1333 1684 1495 1733; x_wconf 90' lang='lat' dir='ltr'><strong>multis</strong></span> <span class='ocrx_word' id='word_1_99' title='bbox 1526 1684 1894 1745; x_wconf 88' lang='lat' dir='ltr'><strong>refocillassent‚</strong></span> 
     </span>
     <span class='ocr_line' id='line_1_16' title="bbox 476 1763 1900 1830; baseline 0.001 -19"><span class='ocrx_word' id='word_1_100' title='bbox 476 1763 699 1829; x_wconf 88' lang='lat' dir='ltr'><strong>auctique</strong></span> <span class='ocrx_word' id='word_1_101' title='bbox 722 1773 879 1812; x_wconf 91' lang='lat' dir='ltr'><strong>essent</strong></span> <span class='ocrx_word' id='word_1_102' title='bbox 901 1780 1002 1811; x_wconf 92' lang='lat' dir='ltr'><strong>non</strong></span> <span class='ocrx_word' id='word_1_103' title='bbox 1026 1779 1176 1829; x_wconf 88' lang='lat' dir='ltr'><strong>parvo</strong></span> <span class='ocrx_word' id='word_1_104' title='bbox 1199 1780 1404 1811; x_wconf 86' lang='lat' dir='ltr'><strong>numero</strong></span> <span class='ocrx_word' id='word_1_105' title='bbox 1439 1780 1494 1811; x_wconf 88' lang='lat' dir='ltr'>ex</span> <span class='ocrx_word' id='word_1_106' title='bbox 1522 1764 1782 1826; x_wconf 86' lang='lat' dir='ltr'><strong>veteranis,</strong></span> <span class='ocrx_word' id='word_1_107' title='bbox 1815 1765 1900 1830; x_wconf 90' lang='lat' dir='ltr'><strong>qui</strong></span> 
     </span>
     <span class='ocr_line' id='line_1_17' title="bbox 476 1841 1899 1908; baseline 0.001 -18"><span class='ocrx_word' id='word_1_108' title='bbox 476 1841 537 1890; x_wconf 92' lang='lat' dir='ltr'><strong>de</strong></span> <span class='ocrx_word' id='word_1_109' title='bbox 561 1843 744 1890; x_wconf 91' lang='lat' dir='ltr'><strong>Baiocis</strong></span> <span class='ocrx_word' id='word_1_110' title='bbox 766 1853 814 1890; x_wconf 92' lang='lat' dir='ltr'><strong>et</strong></span> <span class='ocrx_word' id='word_1_111' title='bbox 826 1842 1041 1891; x_wconf 90' lang='lat' dir='ltr'><strong>Cadomo</strong></span> <span class='ocrx_word' id='word_1_112' title='bbox 1056 1841 1117 1890; x_wconf 90' lang='lat' dir='ltr'><strong>ad</strong></span> <span class='ocrx_word' id='word_1_113' title='bbox 1133 1858 1216 1890; x_wconf 90' lang='lat' dir='ltr'><strong>eos</strong></span> <span class='ocrx_word' id='word_1_114' title='bbox 1234 1852 1559 1903; x_wconf 86' lang='lat' dir='ltr'><strong>accesserant,</strong></span> <span class='ocrx_word' id='word_1_115' title='bbox 1585 1843 1676 1891; x_wconf 89' lang='lat' dir='ltr'><strong>iter</strong></span> <span class='ocrx_word' id='word_1_116' title='bbox 1692 1843 1899 1908; x_wconf 85' lang='lat' dir='ltr'><strong>aggressi</strong></span> 
     </span>
     <span class='ocr_line' id='line_1_18' title="bbox 476 1920 1898 1986; baseline 0.002 -19"><span class='ocrx_word' id='word_1_117' title='bbox 476 1930 588 1968; x_wconf 91' lang='lat' dir='ltr'><strong>sunt</strong></span> <span class='ocrx_word' id='word_1_118' title='bbox 620 1931 672 1969; x_wconf 95' lang='lat' dir='ltr'><strong>ut</strong></span> <span class='ocrx_word' id='word_1_119' title='bbox 696 1921 889 1970; x_wconf 88' lang='lat' dir='ltr'><strong>Baiocas</strong></span> <span class='ocrx_word' id='word_1_120' title='bbox 911 1920 1187 1983; x_wconf 89' lang='lat' dir='ltr'><strong>tenderent,</strong></span> <span class='ocrx_word' id='word_1_121' title='bbox 1214 1930 1262 1969; x_wconf 93' lang='lat' dir='ltr'><strong>et</strong></span> <span class='ocrx_word' id='word_1_122' title='bbox 1283 1920 1379 1968; x_wconf 94' lang='lat' dir='ltr'><strong>illic</strong></span> <span class='ocrx_word' id='word_1_123' title='bbox 1394 1958 1406 1981; x_wconf 91' lang='lat'>,</span> <span class='ocrx_word' id='word_1_124' title='bbox 1430 1921 1611 1970; x_wconf 91' lang='lat' dir='ltr'><strong>caeteris</strong></span> <span class='ocrx_word' id='word_1_125' title='bbox 1634 1921 1898 1986; x_wconf 86' lang='lat' dir='ltr'><strong>Anglorum</strong></span> 
     </span>
     <span class='ocr_line' id='line_1_19' title="bbox 474 1998 1893 2066; baseline -0.001 -19"><span class='ocrx_word' id='word_1_126' title='bbox 474 2000 654 2065; x_wconf 89' lang='lat' dir='ltr'><strong>copiis,</strong></span> <span class='ocrx_word' id='word_1_127' title='bbox 681 2016 787 2064; x_wconf 82' lang='lat' dir='ltr'><strong>quae</strong></span> <span class='ocrx_word' id='word_1_128' title='bbox 814 1999 864 2046; x_wconf 91' lang='lat' dir='ltr'><strong>in</strong></span> <span class='ocrx_word' id='word_1_129' title='bbox 898 1999 1037 2047; x_wconf 92' lang='lat' dir='ltr'><strong>dictis</strong></span> <span class='ocrx_word' id='word_1_130' title='bbox 1063 1999 1255 2066; x_wconf 91' lang='lat' dir='ltr'><strong>oppidis</strong></span> <span class='ocrx_word' id='word_1_131' title='bbox 1285 2009 1428 2065; x_wconf 91' lang='lat' dir='ltr'><strong>atque</strong></span> <span class='ocrx_word' id='word_1_132' title='bbox 1456 2000 1505 2046; x_wconf 93' lang='lat' dir='ltr'><strong>in</strong></span> <span class='ocrx_word' id='word_1_133' title='bbox 1529 1998 1708 2047; x_wconf 89' lang='lat' dir='ltr'><strong>Falesia</strong></span> <span class='ocrx_word' id='word_1_134' title='bbox 1729 2009 1893 2062; x_wconf 87' lang='lat' dir='ltr'><strong>erant,</strong></span> 
     </span>
     <span class='ocr_line' id='line_1_20' title="bbox 474 2076 1895 2141; baseline 0.001 -19"><span class='ocrx_word' id='word_1_135' title='bbox 474 2091 577 2123; x_wconf 90' lang='lat' dir='ltr'><strong>sese</strong></span> <span class='ocrx_word' id='word_1_136' title='bbox 602 2076 951 2140; x_wconf 88' lang='lat' dir='ltr'><strong>conjungerent</strong></span> <span class='ocrx_word' id='word_1_137' title='bbox 969 2113 982 2136; x_wconf 86' lang='lat'>‚</span> <span class='ocrx_word' id='word_1_138' title='bbox 1008 2077 1319 2136; x_wconf 78' lang='lat' dir='ltr'><strong>aestimantes,</strong></span> <span class='ocrx_word' id='word_1_139' title='bbox 1346 2076 1384 2123; x_wconf 91' lang='lat' dir='ltr'><strong>si</strong></span> <span class='ocrx_word' id='word_1_140' title='bbox 1407 2092 1456 2123; x_wconf 92' lang='lat' dir='ltr'><strong>se</strong></span> <span class='ocrx_word' id='word_1_141' title='bbox 1480 2076 1528 2123; x_wconf 91' lang='lat' dir='ltr'><strong>in</strong></span> <span class='ocrx_word' id='word_1_142' title='bbox 1553 2092 1724 2140; x_wconf 88' lang='lat' dir='ltr'><strong>agmen</strong></span> <span class='ocrx_word' id='word_1_143' title='bbox 1751 2085 1895 2141; x_wconf 87' lang='lat' dir='ltr'><strong>atque</strong></span> 
     </span>
     <span class='ocr_line' id='line_1_21' title="bbox 474 2153 1894 2220; baseline 0 -18"><span class='ocrx_word' id='word_1_144' title='bbox 474 2154 735 2202; x_wconf 82' lang='lat' dir='ltr'><strong>exercitum</strong></span> <span class='ocrx_word' id='word_1_145' title='bbox 762 2171 915 2202; x_wconf 90' lang='lat' dir='ltr'><strong>unum</strong></span> <span class='ocrx_word' id='word_1_146' title='bbox 934 2167 1105 2220; x_wconf 87' lang='lat' dir='ltr'><strong>cogere</strong></span> <span class='ocrx_word' id='word_1_147' title='bbox 1126 2164 1349 2219; x_wconf 90' lang='lat' dir='ltr'><strong>possent,</strong></span> <span class='ocrx_word' id='word_1_148' title='bbox 1374 2154 1484 2201; x_wconf 89' lang='lat' dir='ltr'><strong>satis</strong></span> <span class='ocrx_word' id='word_1_149' title='bbox 1506 2154 1679 2202; x_wconf 91' lang='lat' dir='ltr'><strong>virium</strong></span> <span class='ocrx_word' id='word_1_150' title='bbox 1701 2153 1894 2202; x_wconf 90' lang='lat' dir='ltr'><strong>habitu-</strong></span> 
     </span>
     <span class='ocr_line' id='line_1_22' title="bbox 473 2231 1894 2298; baseline 0.001 -19"><span class='ocrx_word' id='word_1_151' title='bbox 473 2248 552 2279; x_wconf 92' lang='lat' dir='ltr'><strong>ros</strong></span> <span class='ocrx_word' id='word_1_152' title='bbox 575 2231 633 2279; x_wconf 92' lang='lat' dir='ltr'><strong>ad</strong></span> <span class='ocrx_word' id='word_1_153' title='bbox 661 2232 1035 2298; x_wconf 88' lang='lat' dir='ltr'><strong>expugnandum</strong></span> <span class='ocrx_word' id='word_1_154' title='bbox 1059 2249 1115 2281; x_wconf 88' lang='lat' dir='ltr'><strong>ac</strong></span> <span class='ocrx_word' id='word_1_155' title='bbox 1137 2232 1480 2280; x_wconf 90' lang='lat' dir='ltr'><strong>debellandum</strong></span> <span class='ocrx_word' id='word_1_156' title='bbox 1502 2241 1652 2280; x_wconf 89' lang='lat' dir='ltr'><strong>totam</strong></span> <span class='ocrx_word' id='word_1_157' title='bbox 1676 2231 1894 2280; x_wconf 85' lang='lat' dir='ltr'><strong>militiam</strong></span> 
     </span>
     <span class='ocr_line' id='line_1_23' title="bbox 472 2309 1890 2377; baseline 0 -18"><span class='ocrx_word' id='word_1_158' title='bbox 472 2310 596 2375; x_wconf 88' lang='lat' dir='ltr'><strong>regis</strong></span> <span class='ocrx_word' id='word_1_159' title='bbox 617 2314 933 2359; x_wconf 88' lang='lat' dir='ltr'><strong>Francorum.</strong></span> <span class='ocrx_word' id='word_1_160' title='bbox 952 2315 1009 2359; x_wconf 87' lang='lat' dir='ltr'><strong>Et</strong></span> <span class='ocrx_word' id='word_1_161' title='bbox 1024 2311 1219 2376; x_wconf 89' lang='lat' dir='ltr'><strong>quidem</strong></span> <span class='ocrx_word' id='word_1_162' title='bbox 1234 2348 1246 2371; x_wconf 91' lang='lat'>‚</span> <span class='ocrx_word' id='word_1_163' title='bbox 1271 2311 1309 2358; x_wconf 93' lang='lat' dir='ltr'><strong>si</strong></span> <span class='ocrx_word' id='word_1_164' title='bbox 1332 2310 1381 2358; x_wconf 89' lang='lat' dir='ltr'><strong>id</strong></span> <span class='ocrx_word' id='word_1_165' title='bbox 1395 2309 1584 2359; x_wconf 86' lang='lat' dir='ltr'><strong>efficere</strong></span> <span class='ocrx_word' id='word_1_166' title='bbox 1598 2311 1890 2377; x_wconf 88' lang='lat' dir='ltr'><strong>potuissent,</strong></span> 
     </span>
     <span class='ocr_line' id='line_1_24' title="bbox 472 2387 1889 2454; baseline 0.001 -18"><span class='ocrx_word' id='word_1_167' title='bbox 472 2405 572 2436; x_wconf 92' lang='lat' dir='ltr'><strong>non</strong></span> <span class='ocrx_word' id='word_1_168' title='bbox 596 2388 799 2436; x_wconf 92' lang='lat' dir='ltr'><strong>dubium</strong></span> <span class='ocrx_word' id='word_1_169' title='bbox 834 2389 949 2454; x_wconf 92' lang='lat' dir='ltr'><strong>quin</strong></span> <span class='ocrx_word' id='word_1_170' title='bbox 975 2389 1126 2436; x_wconf 88' lang='lat' dir='ltr'><strong>tribus</strong></span> <span class='ocrx_word' id='word_1_171' title='bbox 1150 2388 1240 2435; x_wconf 90' lang='lat' dir='ltr'><strong>illis</strong></span> <span class='ocrx_word' id='word_1_172' title='bbox 1273 2388 1414 2449; x_wconf 90' lang='lat' dir='ltr'><strong>locis,</strong></span> <span class='ocrx_word' id='word_1_173' title='bbox 1441 2387 1619 2435; x_wconf 90' lang='lat' dir='ltr'><strong>scilicet</strong></span> <span class='ocrx_word' id='word_1_174' title='bbox 1644 2388 1889 2450; x_wconf 88' lang='lat' dir='ltr'><strong>Cadomo,</strong></span> 
     </span>
     <span class='ocr_line' id='line_1_25' title="bbox 471 2465 1890 2528; baseline 0 -14"><span class='ocrx_word' id='word_1_175' title='bbox 471 2467 651 2515; x_wconf 90' lang='lat' dir='ltr'><strong>Falesia</strong></span> <span class='ocrx_word' id='word_1_176' title='bbox 682 2477 729 2515; x_wconf 93' lang='lat' dir='ltr'><strong>et</strong></span> <span class='ocrx_word' id='word_1_177' title='bbox 760 2467 969 2528; x_wconf 85' lang='lat' dir='ltr'><strong>Baiocis,</strong></span> <span class='ocrx_word' id='word_1_178' title='bbox 1002 2465 1293 2514; x_wconf 84' lang='lat' dir='ltr'><strong>sufficienter</strong></span> <span class='ocrx_word' id='word_1_179' title='bbox 1325 2465 1629 2514; x_wconf 89' lang='lat' dir='ltr'><strong>manentibus</strong></span> <span class='ocrx_word' id='word_1_180' title='bbox 1663 2466 1890 2524; x_wconf 87' lang='lat' dir='ltr'><strong>munitis,</strong></span> 
     </span>
     <span class='ocr_line' id='line_1_26' title="bbox 470 2542 1893 2610; baseline -0.001 -16"><span class='ocrx_word' id='word_1_181' title='bbox 470 2546 674 2594; x_wconf 87' lang='lat' dir='ltr'><strong>educere</strong></span> <span class='ocrx_word' id='word_1_182' title='bbox 696 2545 746 2592; x_wconf 93' lang='lat' dir='ltr'><strong>in</strong></span> <span class='ocrx_word' id='word_1_183' title='bbox 763 2561 988 2610; x_wconf 89' lang='lat' dir='ltr'><strong>campum</strong></span> <span class='ocrx_word' id='word_1_184' title='bbox 1005 2545 1128 2592; x_wconf 88' lang='lat' dir='ltr'><strong>ultra</strong></span> <span class='ocrx_word' id='word_1_185' title='bbox 1151 2543 1407 2591; x_wconf 89' lang='lat' dir='ltr'><strong>duodecim</strong></span> <span class='ocrx_word' id='word_1_186' title='bbox 1434 2543 1582 2592; x_wconf 90' lang='lat' dir='ltr'><strong>millia</strong></span> <span class='ocrx_word' id='word_1_187' title='bbox 1603 2542 1893 2592; x_wconf 88' lang='lat' dir='ltr'><strong>bellatorum</strong></span> 
     </span>
    </p>
   </div>
   <div class='ocr_carea' id='block_1_5' title="bbox 522 2703 1890 2818">
    <p class='ocr_par' dir='ltr' id='par_1_5' title="bbox 522 2703 1890 2818">
     <span class='ocr_line' id='line_1_27' title="bbox 523 2703 1157 2759; baseline -0.005 -13"><span class='ocrx_word' id='word_1_188' title='bbox 523 2710 541 2745; x_wconf 87' lang='lat'><strong>1</strong></span> <span class='ocrx_word' id='word_1_189' title='bbox 554 2737 563 2746; x_wconf 91' lang='lat'><strong>.</strong></span> <span class='ocrx_word' id='word_1_190' title='bbox 594 2709 651 2746; x_wconf 91' lang='lat' dir='ltr'><strong>La</strong></span> <span class='ocrx_word' id='word_1_191' title='bbox 665 2703 873 2759; x_wconf 78' lang='lat' dir='ltr'><strong>presqu&#39;ile</strong></span> <span class='ocrx_word' id='word_1_192' title='bbox 893 2704 946 2743; x_wconf 90' lang='lat' dir='ltr'><strong>du</strong></span> <span class='ocrx_word' id='word_1_193' title='bbox 965 2703 1157 2743; x_wconf 85' lang='lat' dir='ltr'><strong>Cotentin.</strong></span> 
     </span>
     <span class='ocr_line' id='line_1_28' title="bbox 522 2760 1890 2818; baseline -0.004 -13"><span class='ocrx_word' id='word_1_194' title='bbox 522 2770 563 2808; x_wconf 77' lang='lat'><strong>2.</strong></span> <span class='ocrx_word' id='word_1_195' title='bbox 594 2769 654 2806; x_wconf 92' lang='lat' dir='ltr'><strong>On</strong></span> <span class='ocrx_word' id='word_1_196' title='bbox 673 2766 717 2805; x_wconf 94' lang='lat' dir='ltr'><strong>lit</strong></span> <span class='ocrx_word' id='word_1_197' title='bbox 734 2765 950 2818; x_wconf 88' lang='lat' dir='ltr'><strong>cependant</strong></span> <span class='ocrx_word' id='word_1_198' title='bbox 969 2764 1064 2803; x_wconf 86' lang='lat' dir='ltr'><strong>dans</strong></span> <span class='ocrx_word' id='word_1_199' title='bbox 1082 2763 1257 2803; x_wconf 87' lang='lat' dir='ltr'><strong>Chartier</strong></span> <span class='ocrx_word' id='word_1_200' title='bbox 1273 2761 1436 2814; x_wconf 90' lang='lat' dir='ltr'><strong>qu’Abel</strong></span> <span class='ocrx_word' id='word_1_201' title='bbox 1453 2762 1624 2801; x_wconf 85' lang='lat' dir='ltr'><strong>Rouault</strong></span> <span class='ocrx_word' id='word_1_202' title='bbox 1644 2761 1716 2801; x_wconf 90' lang='lat' dir='ltr'><strong>tint</strong></span> <span class='ocrx_word' id='word_1_203' title='bbox 1741 2761 1777 2800; x_wconf 86' lang='lat' dir='ltr'><strong>le</strong></span> <span class='ocrx_word' id='word_1_204' title='bbox 1796 2760 1890 2800; x_wconf 70' lang='lat' dir='ltr'><strong>cha-</strong></span> 
     </span>
    </p>
   </div>
   <div class='ocr_carea' id='block_1_6' title="bbox 468 2820 1890 2943">
    <p class='ocr_par' dir='ltr' id='par_1_6' title="bbox 468 2820 1890 2943">
     <span class='ocr_line' id='line_1_29' title="bbox 468 2820 1890 2881; baseline -0.004 -14"><span class='ocrx_word' id='word_1_205' title='bbox 468 2836 556 2866; x_wconf 91' lang='lat' dir='ltr'><strong>teau</strong></span> <span class='ocrx_word' id='word_1_206' title='bbox 587 2827 636 2866; x_wconf 91' lang='lat' dir='ltr'><strong>de</strong></span> <span class='ocrx_word' id='word_1_207' title='bbox 660 2827 851 2881; x_wconf 84' lang='lat' dir='ltr'><strong>Valognes</strong></span> <span class='ocrx_word' id='word_1_208' title='bbox 882 2824 1053 2878; x_wconf 87' lang='lat' dir='ltr'><strong>pendant</strong></span> <span class='ocrx_word' id='word_1_209' title='bbox 1083 2824 1175 2864; x_wconf 89' lang='lat' dir='ltr'><strong>trois</strong></span> <span class='ocrx_word' id='word_1_210' title='bbox 1208 2824 1419 2872; x_wconf 82' lang='lat' dir='ltr'><strong>semaines,</strong></span> <span class='ocrx_word' id='word_1_211' title='bbox 1442 2835 1538 2862; x_wconf 87' lang='lat' dir='ltr'><strong>avec</strong></span> <span class='ocrx_word' id='word_1_212' title='bbox 1568 2835 1642 2861; x_wconf 86' lang='lat' dir='ltr'><strong>une</strong></span> <span class='ocrx_word' id='word_1_213' title='bbox 1671 2820 1890 2861; x_wconf 72' lang='lat' dir='ltr'><strong>tres-saible</strong></span> 
     </span>
     <span class='ocr_line' id='line_1_30' title="bbox 468 2900 664 2943; baseline -0.005 -17"><span class='ocrx_word' id='word_1_214' title='bbox 468 2900 664 2943; x_wconf 82' lang='lat' dir='ltr'><strong>garmson.</strong></span> 
     </span>
    </p>
   </div>
  </div>
 </body>
</html>
