2086 3528
541 371 619 407 258
915 367 1259 404 HISTORIARUM
1286 367 1468 405 CAROLI
1496 367 1566 404 VH

541 462 801 516 quaestores
823 451 937 514 regii
950 487 962 511 ,
982 467 1068 515 per
1090 450 1383 498 miserandas
1401 450 1534 515 regni
1548 453 1842 497 Francorum
1854 465 1967 514 pro-

538 531 741 588 vincias,
777 527 983 593 populos
1014 544 1207 592 pascere
1235 537 1343 574 sunt
1378 528 1532 586 soliti,
1568 537 1621 577 et.
1633 526 1848 575 volentes
1875 544 1967 574 no·

539 610 751 656 lentesve
783 606 1114 653 obmutescere
1147 615 1355 668 cogunt,
1389 615 1441 652 ut
1473 623 1533 653 ne
1568 623 1693 653 unus
1716 605 1776 653 sit
1799 606 1883 670 qui
1916 606 1966 653 in

539 685 835 733 contrarium
871 684 1069 748 gannire
1104 683 1306 743 audeat,
1347 683 1476 748 ipsos
1517 683 1887 747 Burdegalenses
1921 694 1968 732 et

540 765 782 809 Vascones
801 761 1030 825 aggressi,
1070 760 1250 812 eisdem
1287 769 1339 807 ut
1370 761 1594 825 imposita
1625 777 1774 809 onera
1795 771 1968 826 sponte

539 845 756 893 subirent
778 844 979 891 suadere
997 843 1314 891 conabantur.
1339 845 1558 900 Quorum
1576 843 1908 891 molitionibus
1922 853 1970 892 et

540 922 865 987 impietatibus
888 921 1151 987 prudenter
1172 931 1220 968 et
1241 931 1517 968 constanter
1539 922 1798 970 renitentes
1814 961 1827 984 ,
1855 940 1969 988 sup-

540 1001 784 1067 plicabant
805 1001 903 1065 regi
927 1017 1014 1065 per
1033 1000 1272 1047 solemnes
1294 1016 1432 1063 quOS,
1459 999 1601 1063 hujus
1623 1001 1691 1048 rei
1715 1001 1881 1065 gratia,
1907 1001 1970 1049 ad

541 1095 653 1126 eum
677 1079 855 1141 legatos
875 1078 1184 1138 destinarant,
1205 1087 1257 1124 ut
1273 1077 1487 1124 libertate
1504 1087 1648 1142 atque
1668 1079 1971 1126 immunitate

542 1157 610 1204 eis
642 1156 864 1221 pollicitis
889 1172 944 1203 ac
968 1156 1238 1220 promissiS‚
1265 1155 1382 1202 dum
1409 1155 1706 1203 deditionem
1727 1156 1972 1205 civitatum

542 1251 739 1281 suarum
757 1243 900 1297 atque
919 1243 1155 1281 terrarum
1173 1233 1405 1294 facerent,
1430 1250 1513 1280 eos
1537 1234 1693 1297 quiete
1710 1234 1855 1300 potiri
1871 1252 1975 1300 per-

544 1312 730 1358 mittere
758 1311 930 1370 vellet3
957 1309 1201 1357 habebant
1232 1311 1360 1357 enim
1387 1311 1447 1358 de
1467 1310 1745 1374 hujusmodi
1768 1311 1973 1378 promis-

543 1390 759 1438 sionibus
783 1399 830 1437 et
855 1391 1006 1456 pactis
1027 1389 1326 1437 libertatibus
1343 1390 1539 1449 litteras,
1566 1406 1742 1453 magno
1759 1389 1974 1454 ejusdem

544 1470 667 1532 regis
698 1468 851 1532 sigillo
886 1467 1132 1531 sigillatas3
1161 1484 1211 1514 se
1243 1466 1480 1514 fidelitatis
1509 1477 1805 1516 sacramenta
1837 1468 1976 1532 regiae

546 1546 777 1610 majestati
811 1544 1006 1592 fecisse:
1036 1544 1167 1591 unde
1198 1544 1258 1592 de
1290 1545 1403 1610 ipsis
1430 1545 1628 1592 minime
1655 1544 1871 1593 haesitare
1898 1545 1979 1593 de·

546 1624 700 1680 beret,
718 1624 834 1688 quin
848 1623 891 1669 ei
908 1622 1072 1670 fideles
1086 1639 1141 1669 ac
1154 1622 1313 1670 devoti
1330 1632 1690 1688 permanerent;
1706 1622 1767 1670 ad
1778 1623 1978 1671 tutelam

551 1719 663 1750 vero
684 1702 847 1766 patriae
869 1710 917 1748 et
940 1701 1183 1748 civitatum
1210 1710 1354 1765 atque
1387 1701 1682 1766 oppidorum
1705 1718 1903 1749 suorum
1927 1718 1978 1750 se

549 1780 660 1827 satis
677 1779 892 1827 sufficere
913 1778 1168 1826 adversum
1185 1779 1364 1839 hostes,
1386 1796 1539 1844 eaque
1555 1779 1697 1844 longe
1716 1779 1887 1828 melius
1905 1791 1978 1829 at-

549 1874 643 1921 que
660 1856 865 1915 fidelius,
888 1874 1033 1921 quam
1052 1873 1138 1922 per
1164 1857 1369 1904 militum
1388 1857 1504 1904 inibi
1520 1858 1698 1905 locatas
1716 1858 1976 1919 custodias,

550 1945 821 1982 servaturos
841 1944 984 1999 atque
1003 1934 1309 1991 defensuros3
1332 1936 1578 2000 praeteritis
1595 1952 1645 1982 se
1666 1936 1795 1983 idem
1817 1936 1979 1984 fecisse

553 2011 875 2078 temporibus,
904 2029 992 2060 nec
1025 2011 1199 2060 talibus
1221 2013 1450 2078 praesidiis
1483 2013 1690 2061 militum
1714 2023 1859 2078 atque
1887 2014 1978 2061 eis·

554 2090 665 2137 dem
679 2092 908 2138 connexis
923 2091 1223 2154 vectigalium
1248 2108 1331 2138 seu
1354 2091 1591 2138 talliarum
1614 2092 1819 2155 angariis
1838 2091 1980 2151 fuisse

554 2177 791 2231 gravatOS,
818 2167 927 2215 licet
948 2168 1207 2215 viciniores
1234 2178 1349 2215 tunc
1371 2167 1534 2215 hostes
1553 2179 1847 2233 paterentur,
1867 2169 1950 2234 qui
1963 2207 1976 2231 ,

554 2244 688 2291 nullo
717 2244 1026 2307 interjacente
1060 2245 1178 2291 freto
1197 2281 1209 2304 ,
1245 2245 1568 2293 conterminas
1597 2246 1809 2294 civitates
1838 2257 1982 2312 atque

556 2321 733 2386 oppida
755 2321 1093 2386 possidebant3
1121 2339 1251 2370 nunc
1277 2339 1406 2380 vero,
1429 2340 1539 2370 cum
1563 2322 1724 2371 hostes
1750 2324 1908 2372 nullos
1931 2325 1980 2372 in

555 2399 721 2446 vicinis
744 2398 1021 2462 regionibus
1039 2435 1053 2458 ,
1078 2399 1161 2446 sed
1186 2417 1355 2448 omnes
1378 2401 1562 2448 amicos
1584 2401 1708 2464 regis
1727 2401 1802 2448 vel
1835 2401 1982 2450 foede-

556 2487 686 2524 ratos
709 2475 964 2535 haberent,
989 2476 1208 2540 Anglicos
1227 2494 1340 2525 vero
1360 2494 1534 2542 magno
1556 2488 1699 2543 atque
1719 2479 1815 2527 lato
1835 2479 1981 2529 inter-

552 2555 741 2618 jacente
762 2571 953 2617 aequore
973 2554 1172 2616 divisos,
1195 2572 1293 2602 non
1309 2555 1430 2602 adeo
1445 2573 1495 2603 se
1514 2556 1771 2605 formidare
1784 2556 1978 2617 debere,

558 2633 676 2697 quin
709 2633 820 2679 satis
852 2632 943 2679 sibi
973 2633 1033 2680 ad
1061 2632 1313 2680 tutandum
1352 2650 1401 2681 se
1433 2633 1660 2682 adversus
1690 2652 1773 2683 eos
1808 2635 1982 2684 virium

559 2722 813 2777 suppetere
836 2711 1150 2771 arbitrentur3
1176 2729 1264 2759 nec
1287 2712 1424 2760 saluti
1453 2730 1620 2760 eorum
1649 2713 1872 2779 expedire
1902 2724 1978 2772 ut,

559 2799 758 2854 propter
793 2798 974 2835 metum
1005 2805 1172 2836 eorum
1211 2790 1487 2853 incertaque
1523 2808 1612 2838 nec
1641 2807 1856 2857 unquam
1883 2791 1980 2839 for-

558 2868 692 2915 tassis
718 2876 946 2914 eventura
971 2867 1179 2932 pericula
1195 2904 1208 2928 ‚
1235 2877 1371 2916 certae
1394 2885 1449 2916 ac
1471 2868 1750 2917 indubitatae
1771 2879 1818 2918 et
1844 2885 1980 2918 man-
