2086 3528
728 364 878 403 LIBER
905 364 1107 403 PRIMUS.
1583 366 1634 402 15

206 447 340 498 modi
380 447 730 496 immanitatum
774 456 820 495 et
859 447 1215 512 sacrilegiorum
1256 446 1421 495 divina
1453 447 1637 513 justitia

205 526 482 591 dereliquit3
502 541 677 589 magna
687 525 815 573 enim
827 542 937 592 pars
952 542 1139 589 eorum,
1154 525 1348 574 evoluto
1362 541 1512 588 anno,
1529 526 1636 592 ipso

204 614 479 658 sanctorum
506 613 771 669 martyrum
791 603 898 665 die,
932 622 1024 671 pro
1048 604 1229 653 meritis
1252 621 1418 671 poenas
1451 603 1638 653 debitas

205 682 427 745 exsolvit,
453 691 508 729 ut
538 682 696 730 statim
733 699 821 730 suo
844 682 954 730 loco
984 683 1304 749 opportunius
1325 682 1587 730 referemus
1603 683 1631 729 ¹.

241 756 243 759 ’
270 762 436 824 Itaque
462 775 550 826 per
583 775 779 807 omnem
818 760 913 815 fere
948 760 1153 811 Galliam
1189 761 1235 807 in
1273 758 1639 824 Burgundiones

205 837 473 897 Armeniaci
499 837 600 901 (sic
622 837 776 900 enim,
803 848 856 885 ut
888 838 1071 886 dictum
1093 848 1184 900 est,
1212 838 1328 902 regii
1348 847 1395 884 et
1424 836 1637 885 Aurelia-

205 915 427 963 nensium
466 915 675 981 partium
712 915 921 964 fautores
962 915 1404 980 nominabantur),
1443 924 1491 963 et
1537 914 1639 961 vice

205 1009 340 1040 versa
372 993 421 1039 in
461 993 770 1041 Armeniacos
803 993 1192 1059 Burgundiones,
1226 1009 1359 1041 arma
1388 992 1635 1052 ferebant3

205 1071 383 1136 pariter
401 1087 518 1119 vero
545 1072 794 1137 utriusque
817 1072 964 1137 partis
986 1071 1229 1137 armigeri,
1256 1071 1393 1136 quasi
1428 1087 1486 1118 ex
1521 1086 1640 1117 con-

207 1148 337 1198 dicto
359 1149 626 1214 conjurati,
662 1151 968 1217 populationi
997 1166 1249 1215 agrorum,
1288 1148 1525 1196 incendiis
1551 1147 1640 1195 vil-

205 1226 361 1274 larum
397 1243 454 1275 ac
491 1227 783 1287 domorum,
826 1227 1035 1276 caedibus
1068 1237 1114 1275 et
1151 1227 1331 1293 rapinis
1371 1243 1641 1293 pauperum

206 1305 550 1370 agricultorum
572 1306 928 1371 vigilantissime
960 1306 1293 1355 intendebant.
1323 1308 1391 1352 Ex
1413 1321 1510 1370 qua
1531 1321 1641 1371 per-

205 1385 457 1450 vagatione
492 1395 814 1446 armatorum,
855 1386 939 1451 qui
969 1386 1145 1450 jugiter
1185 1394 1232 1432 et
1269 1382 1453 1449 absque
1491 1383 1641 1431 inter-

208 1463 434 1512 missione
468 1480 608 1529 agros
647 1464 792 1511 totius
831 1463 1039 1528 regionis
1076 1461 1447 1529 percursabant,
1489 1471 1536 1508 et
1579 1461 1641 1510 ad

198 1549 477 1609 extremam,
494 1558 657 1590 rerum
675 1541 898 1589 omnium
919 1541 1137 1607 inopiam
1169 1556 1397 1606 agrorum
1429 1539 1642 1587 cultores

207 1618 512 1667 deducebant
528 1658 540 1682 ,
567 1629 700 1668 tanta
729 1629 890 1667 secuta
930 1628 1001 1667 est
1031 1618 1234 1666 vastatio
1253 1656 1265 1679 ,
1292 1627 1368 1676 ut,
1396 1616 1571 1664 relictis
1593 1617 1642 1664 in

207 1695 369 1744 multis
405 1698 536 1762 regni
561 1697 778 1763 partibus
806 1697 930 1762 agris
960 1696 1176 1755 incultis,
1211 1711 1296 1761 per
1319 1694 1505 1742 diversa
1536 1693 1645 1742 loca

208 1784 254 1822 et
287 1775 524 1833 civitates,
549 1776 842 1824 validissima
875 1775 1050 1835 fames,
1078 1783 1125 1822 et
1162 1772 1334 1822 exinde
1365 1773 1644 1839 pestilentiae

208 1854 454 1917 maximae,
485 1864 532 1903 et
553 1864 734 1903 mortes
767 1854 1025 1902 hominum
1055 1863 1199 1918 atque
1217 1852 1538 1900 animantium
1568 1868 1645 1898 se-

210 1941 331 1980 cutae
356 1933 468 1980 sint.

276 2012 340 2058 Ea
354 2010 499 2058 etiam
516 2019 812 2076 tempestate,
832 2008 962 2075 apud
975 2018 1174 2074 pontem
1192 2004 1642 2063 Sancti-Clodoaldi,

212 2102 413 2152 magnus
446 2088 700 2136 conflictus
737 2088 862 2135 inter
895 2087 1146 2151 utriusque
1178 2085 1398 2133 fa‘ctionis
1434 2094 1647 2132 armatos

210 2164 402 2214 habitus
425 2168 536 2214 est’.
565 2169 618 2224 ln
650 2183 749 2232 quo
773 2183 909 2228 cum,
938 2163 1360 2230 Burgundionibus
1380 2162 1646 2229 praevalen-

211 2243 362 2306 tibus,
387 2243 648 2292 adversarii
676 2253 805 2291 retro
835 2260 924 2309 per
954 2252 1155 2308 pontem
1191 2241 1252 2288 ad
1287 2257 1472 2300 arcem,
1499 2254 1646 2303 quam

212 2321 332 2370 inibi
353 2322 584 2371 tenebant
598 2359 610 2382 ,
637 2339 739 2371 sese
762 2322 975 2388 recipere
997 2319 1376 2380 contenderent,
1405 2319 1472 2366 illi
1495 2334 1612 2366 vero
1631 2355 1643 2378 ,

215 2401 299 2464 qui
325 2401 376 2448 in
398 2417 507 2449 arce
530 2410 693 2461 erant,
717 2400 935 2448 videntes
968 2399 1121 2447 caedes
1155 2415 1355 2446 suorum
1392 2406 1536 2462 atque
1573 2396 1648 2443 fu-

270 2575 288 2611 1
301 2603 310 2612 .
339 2574 438 2611 Tout
456 2586 500 2611 ce
518 2572 586 2624 qui
604 2572 787 2625 precede,
804 2572 942 2626 depuis
954 2572 990 2612 le
1009 2581 1342 2613 commencement
1353 2570 1406 2610 du
1419 2570 1609 2624 chapitre‚
1625 2582 1649 2608 a

216 2633 277 2673 ete
295 2632 480 2671 intercale
498 2645 569 2684 par
589 2632 758 2672 Antoine
777 2636 929 2685 Meyer,
951 2633 1224 2672 continuateur
1245 2633 1294 2672 de
1315 2635 1481 2684 Jacques
1497 2633 1647 2683 Meyer,

218 2696 315 2735 dans
333 2695 390 2733 les
410 2697 582 2732 Annales
593 2698 799 2745 Flandriae,
823 2696 851 2734 l.
876 2699 962 2736 XV.

271 2758 311 2796 2.
342 2749 512 2795 Enorme
530 2756 839 2797 anachronisme.
860 2757 1115 2806 L'affairessdu
1135 2766 1230 2810 pont
1248 2758 1297 2796 de
1316 2754 1570 2799 Saint-Cloud
1585 2763 1652 2794 eut

219 2817 299 2855 lieu
319 2816 357 2855 le
380 2818 431 2854 10
456 2815 669 2855 novembre
695 2818 815 2865 1411,
835 2817 994 2868 lorsque
1012 2817 1121 2856 Paris
1140 2818 1232 2856 etait
1251 2830 1392 2856 encore
1410 2830 1461 2855 au
1482 2814 1650 2868 pouvoir

222 2876 290 2916 des
312 2875 622 2929 Bourguignons.
644 2876 702 2915 Cf.
724 2878 991 2926 Monsrmssr,
1011 2877 1080 2916 liv.
1102 2880 1135 2927 I,
1151 2892 1185 2916 c.
1210 2879 1276 2916 87.
