2086 3528
686 368 834 406 LIBER
861 367 1082 407 TERTIUS.
1518 370 1534 405 1
1543 370 1561 406 1
1569 371 1593 406 9

186 455 248 503 de
269 463 392 502 terra
419 454 611 504 suismet
642 451 820 500 viribus
852 462 900 500 et
933 453 1076 500 armis
1101 435 1418 518 expellerent3
1458 451 1596 519 dole-

184 532 394 597 bamque
420 530 553 596 quod
574 539 645 578 tot
666 530 845 596 oppida
862 540 910 578 et
930 530 1118 579 castella
1134 531 1298 596 patriae
1328 530 1389 579 ab
1416 530 1593 594 Anglo-

182 626 292 659 rum
312 619 543 676 potestate
564 609 826 670 exuissent,
853 610 991 674 quasi
1014 610 1173 657 minor
1190 609 1373 675 proedas
1393 609 1591 674 agendi,

184 687 245 735 ad
271 702 390 752 quas
421 686 726 735 solummodo
749 686 998 735 inhiabant
1013 725 1026 749 ,
1060 687 1255 737 facultas
1288 704 1375 754 per
1404 687 1500 736 hoo
1527 687 1596 734 eis

183 764 545 831 relinqueretur.
956 777 957 780 ’

656 923 997 970 CAPITULUM
1030 925 1111 970 vl.

261 1049 435 1089 Praeludia
450 1062 493 1086 ex
508 1051 636 1097 quibus
655 1051 781 1086 Franci
797 1050 885 1086 urbe
902 1049 1086 1088 parisiensi
1106 1048 1273 1101 Anglicos
1291 1048 1514 1098 expulerunt.

247 1161 370 1213 Cum
395 1169 553 1210 autem
591 1175 783 1224 guerras
800 1195 812 1219 ‚
837 1168 890 1206 ut
917 1159 1017 1223 jam
1039 1157 1272 1220 diximuS,
1310 1174 1410 1205 non
1444 1168 1595 1206 castra

182 1243 414 1285 metantes
442 1238 517 1286 vel
539 1238 770 1286 exercitus
800 1236 1096 1301 colligentes,
1123 1236 1291 1284 Franci
1318 1245 1484 1284 contra
1508 1239 1598 1283 An-

182 1314 329 1379 glicos
350 1316 605 1377 ducerent,
627 1316 712 1363 sed
728 1333 813 1381 per
828 1315 1147 1381 proditiones,
1170 1314 1366 1362 insidias
1389 1325 1435 1363 et
1457 1315 1596 1363 dolos

181 1395 393 1443 civitates
416 1394 492 1443 vel
515 1395 693 1460 oppida
713 1394 775 1442 de
797 1394 1059 1459 Anglorum
1083 1403 1315 1459 potestate
1334 1394 1597 1441 niterentur

182 1474 451 1536 acquirere,
488 1473 688 1536 contigit
719 1482 770 1520 ut
804 1481 1011 1520 castrum
1046 1471 1106 1519 de
1146 1471 1420 1518 Meulenclz¹
1454 1461 1596 1536 supra

182 1551 477 1614 Sequanam,
511 1560 558 1598 et
581 1550 899 1611 Pontisaram,
941 1549 1177 1615 oppidum
1210 1565 1352 1614 super
1389 1551 1592 1608 Isaram,

181 1627 353 1675 talibus
393 1627 572 1676 artibus
609 1628 923 1675 lucrarentur.
958 1630 1076 1674 Nam
1107 1627 1373 1674 Mulentum
1405 1643 1459 1673 ex
1496 1626 1595 1673 ssu-

181 1705 311 1752 mine
336 1722 423 1771 per
443 1705 616 1754 cloacae
635 1704 850 1753 foramen
870 1705 1002 1770 prior
1028 1704 1197 1768 aliquis
1219 1704 1458 1767 ingressus
1476 1704 1595 1751 sere-

181 1782 341 1845 batur,
381 1786 464 1850 qui
508 1785 683 1833 caeteris
723 1784 906 1832 aditum
945 1794 1052 1848 post
1087 1781 1236 1829 modo
1271 1783 1591 1846 patefaceret¹.

180 1861 426 1910 Pontisara
451 1873 610 1910 autem
633 1871 779 1910 noctu
802 1878 888 1927 per
911 1861 1147 1908 defectum
1171 1860 1437 1907 debitarum
1460 1877 1597 1911 excu-

180 1937 392 2001 biarum,
428 1949 703 1988 transcenso
739 1955 826 2005 per
860 1937 1008 1985 scalas
1037 1954 1178 1985 muro
1196 1975 1208 1997 ,
1235 1938 1463 2003 acquisita
1492 1948 1593 1997 est3

181 2025 252 2076 et,
279 2033 392 2064 cum
414 2017 631 2083 locuplex
660 2016 894 2083 oppidum
918 2015 1038 2063 foret
1056 2053 1068 2076 ,
1103 2016 1150 2062 in
1184 2015 1393 2081 praedam
1418 2016 1597 2081 ingres-

181 2110 347 2142 sorum
371 2094 787 2160 direptionemque
810 2094 947 2141 cessit
962 2096 991 2141 ⁸.

245 2173 328 2221 His
349 2184 509 2222 autem
542 2174 660 2220 locis
683 2189 768 2238 per
791 2176 997 2220 Francos
1026 2172 1292 2237 acquisitis,
1319 2173 1433 2220 urbs
1467 2173 1599 2221 Pari-

181 2251 332 2311 siaca‚
366 2268 512 2315 quam
548 2253 648 2316 jam
682 2268 768 2316 per
798 2266 951 2298 annos
982 2250 1216 2315 plurimos
1243 2252 1410 2298 Franci
1440 2252 1598 2299 venati

182 2327 390 2392 fuerant,
409 2330 460 2376 in
482 2339 742 2377 extremam
763 2329 1090 2377 necessilatem
1108 2328 1339 2395 perducta
1363 2339 1448 2376 est.
1478 2333 1596 2378 Nam

183 2423 310 2467 cum,
336 2407 600 2457 multorum
623 2407 827 2455 decursu
855 2424 1119 2467 annorum,
1149 2423 1343 2455 annona
1378 2407 1440 2454 ad
1469 2407 1596 2455 illam

183 2483 354 2532 urbem
387 2486 630 2550 potissime
664 2502 750 2551 per
785 2487 1056 2550 Sequanam
1080 2486 1140 2533 de
1179 2486 1498 2542 Normannia,
1524 2488 1598 2533 vel

185 2579 269 2628 per
287 2563 466 2611 flumen
483 2567 634 2624 Isarae,
658 2564 989 2626 adveheretur,
1012 2564 1101 2611 illis
1118 2564 1308 2611 duobus
1323 2563 1599 2611 fluminibus

187 2639 383 2688 sublatis
412 2651 460 2688 et
489 2640 678 2689 illorum
709 2642 917 2690 duorum
954 2642 1245 2708 oppidorum
1267 2642 1488 2705 captione
1512 2640 1598 2687 ob-

240 2766 258 2802 1
270 2792 279 2802 .
312 2764 483 2813 Meulan‚
506 2765 664 2816 appelee
679 2774 762 2805 tout
781 2766 830 2805 de
848 2767 946 2806 suite
967 2768 1080 2819 apres
1099 2770 1327 2810 Mulenmm.

239 2824 279 2862 2.
308 2826 414 2863 Dans
428 2824 467 2862 la
482 2824 567 2864 nuit
583 2824 638 2863 du
654 2827 704 2864 24
723 2826 940 2878 septembre
959 2828 1078 2864 1435.

240 2885 279 2921 3.
310 2884 643 2925 Gommencement
666 2885 714 2923 de
734 2888 852 2926 1436.
