2086 3528
701 309 850 347 LIBER
880 309 1083 349 PRIMUS.
1598 309 1621 346 9

195 395 374 445 vincias
393 393 550 458 regni,
567 401 706 440 aures
728 400 1008 455 mentesque
1023 391 1318 458 populorum
1336 401 1619 458 occupante,

195 482 327 521 tanta
363 470 544 519 invidia
578 469 708 536 apud
740 468 928 535 plebeS,
954 486 1059 534 quae
1091 469 1427 535 hujuscemodi
1457 486 1623 534 grava-

195 550 328 599 mina
361 547 662 613 vectigalium
701 556 845 611 atque
888 547 1195 595 exactionum
1230 548 1370 596 altius
1414 548 1625 597 sentiunt

195 639 339 699 atque
355 628 595 694 suspirant
606 662 619 688 ,
636 627 845 675 conflata
860 627 948 675 fuit
966 627 1193 675 adversus
1214 628 1623 676 Aurelianensium

194 707 370 757 ducem
385 724 400 764 ;
418 716 579 754 tantus
595 721 712 754 vero
734 721 891 765 amor,
908 706 1058 769 gratia
1081 715 1224 770 atque
1247 705 1382 753 favor
1404 706 1625 754 omnium

195 785 309 835 duci
340 783 624 848 Burgundiae
658 793 986 843 accesserunt,
1012 793 1087 846 ut,
1113 783 1443 832 interfectione
1478 785 1626 850 ipsius

195 861 610 911 Aurelianensium
629 862 767 909 ducis
780 861 975 909 modico
994 872 1104 928 post
1125 872 1340 928 tempore
1353 862 1623 923 subsecuta,

195 940 424 990 omnibus
457 957 593 1006 paene
627 940 896 988 civitatibus
929 949 976 988 et
1008 939 1231 1006 plebibus
1264 942 1426 1005 regni,
1451 941 1628 1006 quibus

195 1018 487 1068 exsecrabile
510 1019 612 1084 ejus
634 1036 816 1067 nomen
846 1035 903 1067 ex
924 1019 1166 1068 antedicto
1189 1037 1382 1068 rumore
1405 1020 1628 1068 effectum

196 1102 373 1163 fuerat,
398 1117 455 1149 ea
478 1118 552 1149 res
575 1112 709 1165 grata
725 1110 869 1165 atque
883 1100 1101 1165 jucunda
1119 1102 1376 1161 exsisteret,
1399 1111 1628 1167 tanquam

197 1180 496 1228 meritissime
519 1189 566 1227 et
584 1179 844 1244 justissime
863 1179 1097 1228 exstincto
1122 1180 1204 1228 illo
1237 1180 1320 1244 qui
1341 1197 1437 1228 suae
1465 1181 1629 1229 salutis

195 1274 253 1306 ac
287 1256 544 1319 libertatis,
586 1267 634 1305 et
677 1257 810 1321 regni
852 1257 997 1304 totius
1040 1258 1262 1306 inimicus
1310 1259 1630 1323 permaximus

198 1352 388 1402 semper
410 1335 590 1382 fuisset.

687 1505 1032 1552 CAPITULUM
1067 1506 1129 1551 lV
1139 1541 1149 1551 .

349 1645 545 1692 Quomodo
560 1647 717 1682 fautores
735 1644 837 1681 ducis
855 1644 1118 1681 Aurelianensis
1134 1646 1209 1694 ejus
1224 1658 1350 1682 necem
1364 1647 1487 1682 ulcisci

811 1715 1022 1743 statuerunt.

270 1833 446 1878 Verum
461 1831 575 1894 quia
601 1830 1012 1878 Aurelianensium
1034 1830 1133 1879 dux
1155 1831 1411 1897 praedictus
1424 1867 1438 1891 ‚
1454 1834 1564 1897 qui,
1583 1845 1636 1882 ut

200 1925 346 1976 supra
369 1908 600 1969 diximus,
627 1909 677 1956 in
698 1925 849 1973 regno
874 1909 1088 1975 primum
1115 1919 1227 1975 post
1248 1927 1436 1976 regem,
1463 1902 1563 1959 imo
1589 1922 1636 1960 et

201 2003 346 2054 supra
369 2004 556 2052 regem,
583 1987 693 2051 qui,
731 1987 905 2034 mentis
939 1988 1121 2053 impos,
1144 1988 1279 2052 regni
1312 1988 1635 2037 moderationi

202 2075 304 2114 erat
327 2065 530 2126 inutilis,
550 2065 772 2112 obtinere
793 2064 1065 2128 videbatur,
1090 2082 1262 2113 omnes
1280 2065 1376 2114 fere
1395 2067 1636 2133 principes

202 2155 250 2193 et
278 2145 457 2193 militiae
486 2144 633 2192 duces
665 2143 757 2191 sibi
787 2143 1053 2192 benevolos
1076 2153 1220 2210 atque
1243 2143 1446 2193 devotos
1468 2145 1636 2193 effece-

202 2233 276 2271 rat
290 2260 303 2284 ,
321 2223 421 2287 ejus
445 2221 623 2270 caedem
650 2232 794 2287 atque
817 2221 1200 2270 interfectionem
1217 2222 1422 2270 inultam
1440 2223 1637 2271 transire

202 2290 350 2349 iidem
389 2301 480 2367 ipsi
510 2301 645 2364 regni
685 2301 929 2367 principes
965 2301 1164 2348 minime
1198 2312 1518 2362 censuerunt;
1553 2302 1637 2350 sed

204 2397 294 2446 pro
315 2379 476 2444 legum
498 2379 803 2446 publicarum
821 2389 1006 2438 tenore,
1027 2396 1134 2444 quae
1154 2379 1382 2427 adversus
1400 2381 1638 2428 occisores

205 2457 586 2505 consiliariorum
607 2457 837 2523 principis
855 2466 903 2504 et
919 2457 1022 2522 ejus
1038 2457 1352 2505 assidentium
1372 2457 1534 2518 lateri,
1553 2475 1634 2506 seu

207 2534 326 2582 alios
347 2535 493 2583 etiam
512 2535 706 2583 sicarios
738 2545 882 2600 atque
905 2535 1199 2596 homicidas,
1226 2537 1392 2603 positae
1414 2547 1548 2597 sunt,
1575 2536 1637 2583 de

209 2611 489 2659 auctoribus
519 2611 799 2676 hujusmodi
831 2622 929 2660 tam
957 2613 1175 2661 nefandae
1196 2615 1350 2674 necis,
1379 2631 1485 2679 quae
1506 2613 1639 2660 horis

210 2689 458 2737 nocturnis
486 2690 699 2750 Parisiis,
726 2691 775 2737 in
811 2699 957 2739 strata
985 2690 1179 2757 publica
1194 2694 1224 2753 ¹,
1250 2691 1368 2739 dum
1391 2690 1518 2739 idem
1543 2690 1637 2737 dux

270 2849 308 2885 1.
337 2849 397 2885 La
415 2857 485 2884 rue
503 2831 902 2899 Vieillffidu-Temple.
