2086 3528
709 374 856 411 LIBER
883 372 1154 411 SECUNDUS.
1595 375 1647 413 83

230 458 391 507 suisset
409 495 420 517 ,
446 474 536 505 nec
566 458 725 505 minus
758 467 957 523 propter
980 457 1075 504 hoc
1111 474 1139 504 a
1174 456 1348 504 duritia
1375 468 1423 505 et
1464 461 1648 524 asperi-

230 546 325 584 tate
355 537 556 584 carceris
578 537 834 597 laxaretur,
861 535 1046 600 aliquot
1073 545 1182 601 post
1216 535 1428 584 decursis
1451 536 1643 600 diebus,

227 613 471 679 vulgatum
498 614 674 662 exstitit
697 631 804 662 eam
835 614 1007 661 dixisse
1030 630 1080 661 se
1101 624 1357 680 propterea
1378 616 1522 666 fuisse
1537 633 1650 665 cor-

224 701 409 758 reptam
434 692 568 756 quod
592 691 872 755 hujusmodi
901 691 1226 758 apparitiones
1255 702 1303 740 et
1334 694 1650 745 revelationes

221 785 274 818 se
288 769 570 834 abnegasset
583 769 808 818 habuisse
823 770 1113 835 ,denuoque
1132 772 1328 820 Sanctas
1345 773 1538 822 easdem
1557 773 1647 822 sihi

223 848 273 895 in
297 862 485 896 carcere
518 848 817 914 apparuisse,
847 865 953 912 quae
979 848 1041 896 de
1062 848 1158 896 hoc
1181 850 1335 915 ipsam
1368 850 1472 899 dire
1493 852 1649 900 incre-

221 935 407 991 parant.

680 1131 891 1177 CAPITU
898 1132 1025 1179 LUM
1057 1133 1180 1179 XVI.

310 1267 574 1304 condemnatio
593 1269 614 1303 J
617 1269 768 1304 ohannae
784 1270 913 1304 Puellae
925 1296 936 1314 ,
957 1282 1035 1317 quae
1053 1269 1134 1317 igne
1151 1278 1303 1306 cremata
1318 1270 1447 1307 exstitit
1463 1271 1560 1320 apud

790 1329 1070 1377 Rothomagum.

285 1452 449 1508 Quum
472 1459 632 1499 autem
654 1450 716 1499 ad
732 1451 920 1515 judices
951 1468 1006 1500 ea
1028 1468 1103 1500 res
1126 1451 1308 1517 perlata
1339 1452 1525 1515 fuisset,
1548 1455 1651 1520 ipsa

219 1528 393 1577 iterum
416 1527 478 1578 ad
498 1528 733 1592 judicium
756 1530 948 1595 publice
970 1530 1206 1591 exhibita,
1232 1540 1462 1594 tanquam
1489 1533 1538 1580 in
1566 1533 1649 1581 ab·

214 1606 424 1671 juratam
458 1606 674 1655 haeresim
705 1607 915 1674 relapsa,
943 1609 1157 1672 judicata
1193 1610 1371 1657 exstitit
1397 1620 1446 1657 et
1486 1611 1651 1661 relicta

218 1693 272 1733 ut
294 1684 398 1733 talis
434 1684 635 1734 brachio
666 1687 901 1735 saecularis
934 1687 1198 1752 potestatis.
1232 1689 1391 1745 Quam
1424 1687 1552 1737 illico
1575 1708 1648 1738 ra-

219 1765 403 1831 pientes
427 1774 728 1814 exsecutores
757 1775 954 1831 totaque
977 1765 1241 1831 Anglorum
1272 1782 1466 1829 manus,
1493 1770 1575 1833 qui
1598 1770 1648 1817 in

217 1859 394 1908 magno
419 1860 624 1892 numero
650 1861 764 1892 cum
782 1862 893 1910 rege
915 1861 1004 1893 suo
1030 1845 1238 1893 Henrico
1260 1855 1362 1894 tum
1393 1857 1531 1895 erant
1554 1850 1646 1895 Ro-

217 1921 458 1987 thomagi‚
485 1932 730 1988 spectante
752 1923 1008 1972 innumera
1038 1940 1174 1989 paene
1205 1924 1502 1990 populorum
1531 1925 1648 1972 mul-

217 2001 420 2050 titudine
447 2011 546 2049 tam
570 2001 631 2049 de
659 2002 848 2050 civitate
871 2003 973 2068 ipsa
997 2019 1146 2067 quam
1169 2001 1230 2050 de
1259 2003 1383 2066 agris
1407 2012 1455 2051 et
1479 2003 1646 2052 vicinis

216 2079 408 2146 oppidis
431 2081 577 2145 (nam
598 2081 792 2146 plurimi
817 2080 945 2129 velut
958 2081 1022 2129 ad
1048 2080 1374 2146 spectaculum
1396 2081 1645 2147 publicum

215 2169 471 2226 propterea
516 2160 578 2209 ad
619 2160 841 2209 eamdem
881 2159 1053 2209 urbem
1097 2162 1491 2227 confluxerant),
1542 2164 1645 2228 ipsa

216 2236 459 2299 Johanna‚
485 2240 642 2286 Deum
665 2254 853 2304 semper
874 2239 1108 2287 invocans
1130 2238 1455 2289 auxiliatorem
1481 2250 1529 2288 et
1543 2240 1645 2306 glo-

217 2314 394 2363 riosam
423 2316 621 2363 Domini
654 2317 807 2364 nostri
841 2319 952 2364 Jesu
988 2316 1160 2364 Christi
1195 2317 1500 2382 genitricem,
1534 2319 1644 2383 igne

217 2378 507 2458 consumpta
527 2394 702 2445 exstitit
718 2398 745 2439 ¹.

281 2469 479 2519 Collecti
513 2471 656 2519 etiam
692 2474 886 2521 suerunt
907 2472 1118 2520 universi
1145 2472 1356 2533 cineres,
1392 2491 1514 2539 quos
1550 2475 1643 2522 illic

215 2547 338 2610 ignis
366 2557 463 2594 tam
493 2547 553 2596 de
579 2549 719 2613 lignis
750 2568 898 2615 quam
920 2550 981 2598 de
1003 2551 1117 2616 ipsis
1146 2568 1352 2617 corpore
1379 2563 1427 2600 et
1459 2551 1644 2599 ossibus

215 2625 495 2690 reliquerat,
521 2636 569 2676 et
584 2627 646 2675 de
661 2637 810 2694 ponte
825 2629 875 2679 in
898 2630 1170 2694 Sequanam
1194 2630 1417 2694 projecti,
1442 2646 1503 2676 ne
1525 2629 1642 2693 quid

215 2702 525 2768 reliquiarum
546 2705 759 2769 ejusdem
779 2707 938 2772 aliqua
953 2707 1112 2756 forsan
1127 2717 1290 2774 posset
1305 2706 1644 2773 superstitione

272 2887 310 2923 1.
338 2886 393 2923 Le
413 2885 462 2923 30
483 2884 557 2924 mai
574 2887 691 2926 1431.
