2086 3528
1966 0 1983 14 ,,

1970 0 2086 142 υἲ

2064 156 2070 164 .

544 350 619 387 158
667 323 670 325 ’
930 345 1270 384 ΗῙεΤοΜΑιιυΜ
1297 345 1479 384 emon
1507 347 1577 383 vn

542 430 756 481 secundo
778 428 842 477 ad
867 443 1026 491 regem
1047 428 1253 475 Franciae
1279 438 1350 476 est
1373 444 1591 476 reversus
1606 463 1619 487 ‚
1645 428 1866 478 deferens
1878 445 1957 480 *se-

542 529 654 559 cum
676 506 1022 557 ratihabitionis
1043 504 1222 554 litteras
1251 507 1372 571 regis
1399 513 1447 555 et
1477 525 1736 573 procerum
1762 509 1954 575 Anglioe.

542 593 640 636 Hac
659 587 787 634 enim
806 585 909 632 vice
929 583 1142 631 secunda
1163 601 1217 632 ex
1230 584 1383 632 Gallia
1398 586 1447 632 in
1465 586 1681 650 Angliam
1702 588 1956 654 repedans,

541 670 851 729 Margaretam
876 662 1176 728 praedictam,
1217 676 1305 710 suo
1335 662 1674 729 desponsa-tam
1713 667 1814 731 regi
1828 703 1840 727 ,
1870 681 1960 734 per

540 741 884 791 Not-manniam
906 739 970 788 ad
990 739 1287 787 Hareflutum
1322 755 1498 805 usque,
1533 744 1827 791 maritimum
1859 756 1960 793 cas*

542 821 734 879 tellum,
765 818 978 866 adduxit.
1015 817 1154 865 Unde
1178 827 1277 865 tam
1305 819 1397 883 ipsi
1431 835 1577 884 quam
1609 822 1765 869 caeteri
1789 821 1960 886 Anglo—

540 914 648 947 rum
663 914 886 964 proceres
902 935 916 957 ,
935 897 1211 945 conscensis
1233 896 1435 944 navibus
1453 908 1502 945 et
1524 914 1708 948 oceano
1731 913 1953 962 emenso,

539 978 691 1042 ipsam
727 977 1039 1040 Margaretam
1062 985 1200 1021 -trans
1239 974 1413 1022 fretum
1447 992 1611 1024 secum
1638 977 1955 1042 advehentes,

539 1057 588 1103 in
615 1055 819 1103 domum
847 1055 1007 1102 mariti
1029 1068 1136 1101 eam
1165 1053 1482 1102 collocarunt.
1517 1055 1612 1102 Ubi
1634 1069 1746 1104 cum
1774 1057 1959 1121 ingenti

539 1135 787 1182 festivitate
806 1143 854 1180 et
873 1134 1032 1180 laetitia
1056 1133 1202 1180 totius
1237 1134 1390 1197 regni,
1417 1134 1603 1182 cunctis
1627 1136 1759 1199 regio
1779 1134 1896 1184 luxu
1912 1146 1960 1184 et

539 1214 660 1260 fastu
680 1213 918 1277 apparatis
936 1222 1081 1276 atque
1107 1211 1368 1277 dispositis,
1400 1227 1505 1276 quae
1527 1211 1591 1260 ad
1618 1212 1670 1260 id
1692 1215 1960 1263 necessaria

537 1307 622 1337 seu
644 1299 920 1355 opportuna
944 1289 1262 1355 putabantur,
1289 1290 1568 1355 nuptiarum
1588 1288 1962 1340 solemnia-oon·-

537 1377 772 1416 summata
803 1367 1026 1427 fuerunt,
1069 1368 1252 1432 fuitque
1286 1369 1389 1434 ipsa
1431 1370 1482 1415 in
1528 1369 1741 1433 reginam
1785 1369 1960 1436 Angliae

541 1448 738 1493 inuncta
769 1430 1046 1492 solemniter
1068 1456 1115 1492 et
1149 1445 1420 1494 benedicta.
1452 1447 1541 1494 Cui
1571 1447 1791 1512 profecto
1829 1449 1868 1496 si
1904 1460 1962 1496 ea

539 1523 733 1571 felicitas
755 1533 801 1570 et
823 1523 1175 1580 benevolentia,
1202 1539 1308 1587 quae
1325 1524 1374 1570 in
1397 1523 1473 1570 his
1495 1523 1640 1571 initiis
1657 1523 1747 1571 sibi
1771 1533 1960 1574 ostensa

537 1602 646 1661 fuit,
667 1601 716 1647 in
743 1599 892 1647 finem
919 1614 1072 1664 usque
1094 1600 1418 1665 perdurasset,
1446 1602 1559 1649 satis
1577 1601 1684 1649 felix
1704 1601 1845 1650 fuisse
1866 1602 1961 1651 dici

540 1680 785 1745 potuisset.
812 1678 905 1726 Sed
925 1678 1068 1726 heus!
1099 1690 1152 1726 ut
1174 1680 1379 1744 tragicus
1399 1681 1599 1739 cecinit,
1632 1681 1852 1746 profecto

701 1790 806 1827 Nulla
822 1804 898 1827 sors
911 1787 1018 1839 longa
1033 1800 1084 1827 est
1101 1805 1110 1829 ε
1128 1790 1234 1827 dolor
1250 1801 1284 1828 et
1298 1795 1460 1841 voluptas

702 1845 859 1882 Invicem
876 1845 1028 1890 cedunt;
1045 1846 1190 1882 brevior
1202 1847 1378 1894 voluptas.

536 1930 594 1978 Et
612 1931 726 1978 item
741 1967 754 1991 ,

701 2031 837 2070 Rarum
854 2044 903 2070 est
917 2063 928 2080 ,
945 2036 1029 2071 felix
1045 2035 1210 2084 idemque
1223 2049 1341 2080 senex,

534 2132 704 2196 inquit.
733 2132 877 2189 Quod
899 2133 1027 2180 enim
1049 2133 1099 2180 in
1122 2132 1309 2180 lubrico
1325 2142 1374 2180 et
1389 2132 1540 2197 fragili
1555 2133 1708 2199 posita
1731 2133 1793 2182 sit
1813 2132 1959 2183 felici—

536 2218 606 2257 tas
621 2244 633 2268 ‚
650 2226 755 2274 quae
778 2210 828 2257 in
855 2211 995 2259 claris
1021 2220 1068 2259 et
1085 2210 1347 2259 illustribus
1369 2210 1596 2259 domibus
1621 2210 1683 2259 ab
1704 2211 1957 2277 insipiente

539 2288 681 2351 vulgo
704 2305 804 2336 esse
831 2299 1050 2355 putatur,
1085 2306 1330 2355 quamque
1362 2290 1523 2338 multis
1557 2289 1956 2339 amaritudinibus

535 2365 757 2414 humanae
781 2367 1015 2414 felicitatis
1052 2367 1258 2416 dulcedo
1282 2384 1496 2434 respersa
1517 2369 1605 2429 sit,
1637 2378 1692 2417 ut
1720 2369 1771 2416 in
1795 2369 1956 2418 multis

533 2453 581 2492 et
603 2461 737 2509 paene
759 2445 1023 2494 innumeris
1046 2446 1305 2494 illustrium
1327 2462 1643 2512 personarum
1670 2446 1956 2496 calamitosis

535 2537 590 2569 ac
615 2522 892 2569 aerumnosis
912 2522 1126 2584 casibus,
1154 2524 1220 2570 sic
1252 2525 1299 2571 in
1327 2524 1417 2571 hac
1438 2525 1603 2588 regina
1623 2527 1886 2589 Margareta
1909 2533 1955 2572 et

535 2599 636 2663 ejus
659 2599 829 2648 marito
852 2600 1059 2647 Henrico
1079 2599 1455 2649 luculentissime
1478 2600 1663 2650 enituit.
1682 2604 1799 2661 Quae
1821 2610 1952 2651 tanto

536 2677 758 2743 copulata
781 2687 827 2724 et
851 2687 946 2725 tam
967 2679 1154 2743 potenti
1176 2680 1348 2727 marito
1364 2718 1376 2742 ‚
1404 2681 1547 2728 tantis
1574 2696 1686 2729 cum
1702 2680 1891 2729 honore
1908 2689 1956 2728 et

537 2756 686 2820 gloria
718 2756 957 2822 totiusque
980 2757 1113 2821 regni
1139 2758 1370 2823 applausu
1394 2760 1443 2805 in
1475 2759 1684 2824 reginale
1703 2758 1955 2807 sublimata

538 2830 799 2897 fastigium,
824 2840 871 2882 et
897 2850 954 2882 ex
977 2829 1150 2882 eodem
1175 2831 1278 2882 viro
1303 2831 1454 2884 filium
1474 2834 1639 2900 enixa,
1663 2836 1715 2886 in
1734 2853 1833 2903 quo
1854 2842 1953 2885 tota
