2086 3528
686 361 832 399 LIBER
859 360 1130 400 SECUNDUS.
1578 362 1629 400 85

205 444 375 495 discuti
407 445 539 506 fecit,
567 453 615 491 et
637 443 696 490 de
720 460 776 491 ea
801 444 996 491 materia
1022 443 1183 508 plures
1209 443 1272 491 ad
1307 458 1419 491 eum
1443 442 1630 491 libellos

205 525 604 590 conscripserunt.
635 521 845 584 Quibus,
875 538 1039 569 coram
1074 522 1214 569 certis
1245 538 1273 569 a
1298 521 1411 569 sede
1436 531 1631 587 aposto-

202 603 293 652 lica
326 603 388 651 ad
413 599 806 667 cognoscendum
835 610 882 647 et
906 599 1226 665 judicandum
1258 600 1318 647 de
1350 599 1632 664 hujusmodi

203 682 400 730 materia
424 678 668 744 judicibus
697 677 950 744 delegatis,
977 677 1201 725 exhibitis
1237 687 1284 725 et
1318 687 1504 726 mature
1525 694 1633 744 per-

201 761 374 826 spectis
388 797 400 820 ,
421 754 722 824 pereosdem
739 757 926 822 judices
947 758 1000 805 inv
1016 757 1326 818 sententiam,
1349 774 1495 822 quam
1514 758 1635 805 dixi-

201 854 341 900 mus,
357 837 531 885 exstitit
553 836 950 897 condescensum,
978 846 1024 884 et
1047 836 1305 895 sententia,
1335 846 1505 884 contra
1527 852 1634 883 eam

199 915 309 964 data
330 915 420 962 sub
445 914 706 979 Anglorum
728 914 963 980 imperio,
992 923 1172 962 cassata
1193 923 1240 961 et
1257 929 1497 962 revocata.

263 993 510 1043 Mirabitur
541 994 699 1041 forsan
729 993 922 1057 aliquiS,
952 993 990 1040 si
1013 1009 1040 1040 a
1063 996 1168 1040 Deo
1188 993 1332 1040 missa
1357 1002 1483 1052 erat,
1509 1009 1632 1057 quo-

198 1071 347 1120 modo
364 1072 432 1119 sic
465 1073 572 1137 capi
594 1082 642 1119 et
664 1070 909 1137 suppliciis
943 1069 1067 1119 affici
1093 1072 1329 1135 potuerit3
1357 1070 1442 1118 sed
1472 1070 1635 1117 nullus

199 1149 425 1199 admirari
459 1150 809 1197 rationabiliter
841 1150 1046 1215 poterit,
1076 1150 1159 1213 qui
1183 1150 1285 1196 sine
1318 1149 1421 1197 ulla-
1448 1148 1634 1196 haesita-

198 1228 329 1276 tione
353 1228 506 1276 credit
528 1238 746 1276 sanctum
765 1237 1042 1275 sanctorum
1063 1228 1329 1274 Dominum
1350 1236 1398 1274 et
1419 1226 1633 1274 Salvato-

197 1302 300 1354 rem
323 1318 566 1370 nostrum,
599 1315 790 1354 sanctos
815 1305 1075 1372 prophetas
1105 1315 1153 1352 et
1191 1305 1435 1371 apostolos
1469 1321 1498 1353 a
1531 1307 1635 1352 Deo

195 1385 367 1432 missos
390 1385 456 1432 ob
472 1385 745 1432 doctrinam
767 1384 930 1431 salutis
944 1394 990 1431 et
1003 1383 1116 1431 fidei
1132 1384 1318 1448 Deique
1334 1383 1636 1430 voluntatem

195 1461 477 1511 hominibus
520 1462 866 1511 insinuandum
901 1471 948 1509 et
988 1460 1444 1525 evangelizandum,
1491 1461 1636 1508 variis

195 1541 486 1590 cruciatibus
509 1551 556 1589 et
574 1539 820 1606 suppliciis
843 1540 1038 1587 affectos
1054 1576 1067 1599 ‚
1094 1538 1374 1605 triumphali
1406 1539 1635 1603 martyrio

195 1618 324 1666 hanc
346 1620 493 1668 vitam
526 1618 704 1666 finiisse
734 1617 1022 1679 mortalem;
1051 1635 1202 1682 quum
1238 1618 1385 1665 etiam
1421 1616 1636 1680 legamus

194 1697 246 1745 in
262 1701 411 1747 veteri
425 1702 730 1747 Testamento
751 1697 988 1762 populum
1013 1697 1345 1754 Israeliticum,
1367 1712 1395 1743 a
1419 1697 1523 1742 Deo
1534 1694 1635 1759 jus-

195 1793 301 1824 sum
317 1776 702 1825 Chananaeorum
727 1785 891 1840 gentes
915 1775 1233 1822 exterminare
1254 1784 1302 1822 et
1330 1782 1500 1821 contra
1522 1790 1636 1820 suos

194 1852 359 1902 hostes
388 1866 436 1903 et
465 1854 693 1903 idolatras
715 1870 955 1919 pugnare,
982 1860 1079 1901 tam
1099 1862 1299 1919 propter
1324 1868 1410 1900 sua
1437 1861 1634 1917 peccata

195 1941 278 1981 aut
301 1932 500 1999 aliquus
524 1934 669 1982 etiam
684 1949 743 1980 ex
763 1932 873 1992 eis¹,
901 1931 1162 1996 aliquando
1177 1930 1545 1997 praevalentibus
1567 1931 1636 1978 eis

195 2009 415 2059 hostibus
431 2049 444 2074 ,
470 2012 699 2060 cecidisse
721 2021 767 2059 et
793 2011 1045 2058 corruisse.
1073 2010 1191 2068 Quis
1215 2010 1343 2057 enim
1368 2011 1503 2057 novit
1529 2027 1634 2058 sen-

196 2105 303 2137 sum
325 2090 549 2151 Domini,
575 2099 658 2138 aut
678 2090 786 2155 quis
818 2088 1118 2137 consiliarius
1154 2088 1256 2152 ejus
1279 2087 1401 2135 fuit?
1427 2091 1534 2135 Non
1561 2097 1634 2134 ta-

198 2184 309 2216 men
344 2169 410 2216 ita
451 2168 551 2216 haec
595 2168 829 2228 dicimus,
877 2167 1012 2232 quod
1059 2166 1278 2214 eamdem
1326 2165 1599 2214 Johannam
1616 2202 1628 2226 ,

197 2245 346 2294 modo
369 2263 514 2312 quem
539 2247 746 2294 diximus
784 2263 842 2294 ex
866 2245 959 2293 hac
991 2246 1165 2293 misera
1196 2245 1291 2291 vita
1314 2254 1598 2310 praereptam
1615 2280 1627 2304 ,

199 2326 531 2389 apostolorum
548 2336 631 2374 aut
647 2335 926 2373 sanctorum
946 2335 1215 2390 martyrum
1235 2324 1438 2371 velimus
1452 2323 1632 2371 meritis

142 2403 146 2404 ⁷
198 2418 470 2467 coaequare3
497 2404 581 2451 sed
603 2403 738 2468 quod
762 2404 962 2451 minime
985 2402 1300 2468 repugnantia
1323 2411 1405 2449 aut
1427 2402 1551 2448 inter
1583 2417 1633 2447 se

198 2478 576 2546 incompatibilia
603 2491 906 2547 reputamus,
934 2491 981 2529 et
1016 2481 1151 2547 quod
1178 2497 1207 2528 a
1245 2483 1350 2527 Deo
1368 2518 1380 2542 ,
1423 2478 1485 2527 ad
1519 2478 1632 2525 su'b-

200 2558 492 2606 veniendum
515 2576 664 2623 regno
684 2570 730 2607 et
753 2561 883 2625 genti
898 2564 1193 2608 Francorum
1221 2558 1447 2606 adversus
1469 2557 1632 2604 hostes

201 2652 314 2683 suos
360 2636 607 2701 Anglicos,
647 2639 732 2703 qui
767 2649 883 2687 tunc
913 2656 1116 2703 regnum
1154 2639 1313 2703 ipsum
1349 2635 1631 2700 gravissime

204 2714 574 2780 opprimebant,
614 2716 676 2765 ad
707 2717 924 2783 ipsorum
948 2721 1246 2766 Francorum
1271 2715 1634 2780 Anglorumque

260 2873 297 2911 1.
327 2874 384 2912 La
402 2873 583 2927 symetrie
602 2874 652 2914 de
675 2876 713 2915 la
730 2876 870 2929 phrase
890 2875 1076 2928 exigerait
1095 2887 1207 2926 qaam
1227 2875 1406 2923 alicujccs,
1428 2879 1501 2912 etc.
