2086 3528
545 392 623 428 260
930 390 1273 428 HISTORIARUM
1300 391 1482 429 CAROLI
1509 393 1579 428 VII

545 475 697 521 caeteri
725 473 1035 537 provinciales
1062 474 1108 519 in
1140 479 1289 537 regno
1312 477 1604 521 Francorum
1637 474 1956 533 sustinebant3

546 553 591 599 in
616 570 715 616 quo
734 552 1014 617 spoliatores
1038 552 1169 614 regni
1193 552 1348 616 palam
1369 553 1627 617 praedicant
1641 553 1719 617 jus
1738 553 1863 600 istud
1886 564 1960 600 re-

544 648 650 694 gem
674 631 723 676 in
748 639 947 676 cunctos
971 628 1235 693 regnicolas
1258 630 1582 693 acquisivisse,
1600 630 1732 694 quod
1751 647 1839 695 pro
1851 630 1959 678 'solo

544 717 659 753 nutu
685 723 772 753 suo
790 716 865 766 et,
894 707 1082 770 quoties
1104 706 1242 764 velit,
1269 706 1515 754 talliabiles
1540 708 1797 755 exsistunt:
1825 707 1957 772 quod

539 785 588 830 in
614 784 784 831 effectu
807 784 926 831 nihil
950 794 1019 831 est
1051 783 1180 830 aliud
1211 783 1370 831 dicere
1387 820 1398 841 ,
1430 785 1519 831 nisi
1547 785 1680 850 quod
1705 784 1861 832 nullus
1892 785 1959 832 ihi

536 861 801 927 quidquam
823 861 968 909 habet
985 898 996 919 ‚
1026 861 1159 925 quod
1184 878 1322 908 suurn
1347 861 1505 909 dicere
1528 872 1707 927 posset,
1733 879 1844 910 cum
1868 880 1957 933 pro

536 939 640 987 solo
674 940 902 1005 principis
933 939 1130 985 arbitrio
1165 939 1352 1003 quoties
1377 937 1492 985 libet
1518 939 1577 985 ab
1613 956 1672 986 eo
1696 940 1822 1003 juste
1855 939 1956 987 tolli

534 1028 695 1082 posset
725 1035 734 1063 :
764 1034 870 1082 quae
899 1017 1091 1082 proprie
1115 1026 1184 1063 est
1205 1033 1454 1062 servorum
1479 1016 1692 1063 conditio
1708 1053 1720 1077 ,
1746 1016 1922 1081 quibus
1939 1053 1951 1076 ,

534 1095 621 1142 etsi
662 1095 847 1142 domini
880 1095 1158 1159 permittant
1194 1093 1372 1140 habere
1409 1093 1617 1158 peculia,
1658 1094 1759 1158 ipsa
1793 1105 1952 1142 tamen

531 1173 651 1219 sicut
685 1190 855 1219 eorum
884 1188 1090 1236 corpora
1113 1188 1140 1218 a
1161 1171 1370 1218 dominis
1407 1189 1680 1231 servorum,
1723 1174 1952 1237 prosoIo

530 1249 728 1297 arbitrio
745 1288 755 1307 ,
783 1260 1011 1314 tanquam
1039 1249 1232 1314 propria
1256 1249 1406 1313 accipi
1432 1253 1668 1313 possunt¹.

597 1328 735 1375 Unde
763 1328 853 1392 ipsi
889 1330 1127 1374 Vascones
1159 1336 1206 1372 et
1238 1326 1402 1391 populi
1441 1327 1684 1390 potissime
1715 1330 1952 1393 But-dega-

527 1406 680 1453 lenses
700 1398 838 1452 valde
862 1403 1161 1459 conturbati,
1183 1403 1451 1450 faventibus
1470 1404 1688 1468 pluribus
1707 1405 1951 1455 nobilibus

526 1484 718 1548 patriae,
757 1483 817 1530 de
853 1481 1067 1529 remedio
1105 1481 1283 1542 etiam,
1323 1497 1513 1545 quaque
1550 1482 1621 1530 via
1654 1483 1703 1529 in
1741 1483 1948 1548 priscam

526 1561 792 1608 libertatem
829 1578 878 1607 se
903 1559 1142 1606 vindicare
1173 1569 1391 1624 possent,
1418 1559 1542 1606 clam
1565 1560 1773 1625 cogitare
1803 1572 1948 1626 atque

525 1648 724 1686 tractare
749 1647 1013 1702 coeperunt.
1043 1640 1100 1683 Et
1122 1652 1233 1683 cum
1257 1636 1414 1682 adhuc
1440 1637 1506 1683 eis
1530 1654 1695 1685 recens
1715 1648 1836 1686 esset
1857 1657 1946 1687 no-

522 1716 622 1762 titia
645 1726 784 1778 atque
809 1715 1015 1761 amicitia
1041 1730 1152 1760 cum
1177 1712 1352 1776 Angliae
1375 1714 1697 1779 principibus,
1726 1715 1814 1762 sub
1837 1717 1944 1781 qui-

521 1792 611 1839 bus
642 1793 689 1839 in
720 1792 936 1839 libertate
965 1806 1135 1853 magna
1169 1789 1315 1853 longo
1347 1807 1449 1836 aevo
1482 1804 1866 1855 permanserant,
1893 1794 1941 1841 in

524 1870 735 1933 Angliam
755 1866 948 1934 'aliquos
970 1886 1028 1915 ex
1051 1868 1146 1914 suis
1166 1869 1546 1929 transmiserunt,
1574 1871 1954 1922 nuntiaturoset·

521 1947 665 1994 fidem
699 1965 787 2012 pro
820 1948 931 2013 ipsis
966 1947 1276 2012 praestiturOS,
1319 1946 1479 2009 quod,
1514 1948 1552 1993 si
1586 1964 1696 1994 cum
1721 1947 1869 1996 classe
1894 1958 1943 1996 et

521 2026 675 2073 valida
716 2026 918 2071 militum
958 2041 1101 2071 manu
1149 2023 1312 2070 littora
1346 2040 1429 2071 sua
1490 2034 1703 2089 repetere
1735 2026 1934 2084 vellent,

516 2120 599 2150 eos
633 2104 757 2150 intra
787 2103 927 2150 urbes
960 2113 1005 2149 et
1037 2101 1215 2166 oppida
1254 2102 1445 2165 patriae,
1485 2119 1590 2166 quae
1621 2104 1669 2150 in
1706 2092 1939 2169 potestate

515 2182 772 2241 haherent,
799 2182 996 2230 eosdem
1022 2180 1287 2244 reciperent
1308 2192 1450 2244 atque
1474 2181 1862 2230 intromitterent.

581 2260 719 2323 Angli
743 2269 903 2307 autem
942 2276 998 2306 ex
1030 2257 1308 2322 hujusmodi
1348 2259 1521 2305 nuntio
1556 2260 1648 2306 laeti
1682 2270 1728 2307 et
1759 2261 1938 2310 alacres

514 2338 668 2385 effecti
691 2338 839 2402 (illam
863 2338 992 2384 enim
1010 2336 1211 2402 patriam
1232 2345 1428 2400 propter
1440 2353 1627 2396 causas,
1650 2354 1770 2401 quas
1791 2356 1935 2405 supra

513 2418 751 2482 tetigimus
769 2455 780 2475 ,
805 2417 1000 2463 charam
1025 2415 1285 2480 plurimum
1310 2414 1596 2479 habebant),
1620 2415 1823 2465 libenter
1848 2435 1933 2466 vo-

511 2496 570 2542 tis
594 2512 782 2555 eorum,
806 2495 904 2540 imo
927 2503 973 2540 et
997 2510 1094 2539 non
1119 2492 1277 2538 minus
1294 2492 1407 2553 suis,
1435 2494 1791 2556 acquieverunt,
1819 2505 1933 2545 etse

509 2573 641 2636 quod
661 2571 995 2619 desiderabant
1014 2570 1148 2617 brevi
1169 2569 1374 2616 facturos
1400 2570 1782 2635 spoponderunt.
1809 2575 1931 2621 Tan-

507 2665 563 2701 tae
583 2655 743 2718 itaque
766 2654 1023 2718 propositae
1045 2651 1133 2699 sibi
1161 2649 1346 2698 utilitati
1367 2651 1614 2715 vigilanter
1637 2654 1929 2702 incumben-

556 2832 590 2866 1.
627 2832 678 2866 La
707 2828 924 2866 traduc-tion
955 2827 1052 2865 libre
1080 2826 1132 2864 du
1157 2826 1331 2878 chapitre
1357 2835 1412 2864 ιν·
1440 2841 1487 2866 en
1510 2829 1633 2868 entier
1659 2838 1696 2869 et
1715 2830 1767 2869 du
1788 2839 1828 2869 ν·
1840 2832 1925 2882 jus-

497 2887 635 2938 qu’ici,
655 2896 712 2926 est
728 2887 821 2926 dans
842 2888 895 2926 les
913 2889 1064 2926 Notices
1083 2893 1121 2923 et
1134 2887 1309 2924 Extraies
1321 2887 1388 2923 des
1404 2890 1642 2938 manuscrits,
1662 2898 1688 2928 t.
1710 2891 1742 2939 1,
1764 2903 1803 2943 p.
1824 2893 1918 2932 432.
