2086 3528
706 341 853 378 LmER
879 341 1124 389 QUARTUS.
1548 346 1625 383 219

216 432 346 484 rent,
354 422 536 488 absque
548 422 759 471 hostium
775 423 872 472 ulla
890 424 1145 473 formidine
1160 443 1241 474 seu
1255 426 1622 492 impediment03

216 509 265 548 et
288 501 377 562 ita,
410 500 529 548 nihil
551 500 725 549 hostile
746 512 855 568 post
883 518 933 549 se
954 520 982 551 a
1009 513 1143 568 tergo
1173 504 1512 570 relinquentes,
1543 505 1626 553 sed

217 593 406 644 semper
425 579 475 626 in
505 579 744 627 anteriora
766 579 867 627 sese
890 580 1214 642 extendentes,
1241 599 1298 630 ex
1322 599 1418 630 una
1443 593 1627 630 tantum

216 656 333 704 facie
355 656 525 705 obvios
549 657 711 706 hostes
732 658 988 720 haberent,
1015 677 1070 708 ex
1095 659 1240 709 altera
1254 699 1266 722 ,
1292 678 1400 727 quae
1419 671 1545 710 retro
1567 663 1628 710 ad

218 732 336 782 fines
363 751 475 783 suos
496 737 782 803 respiceret,
811 754 998 804 semper
1021 738 1192 786 auxilia
1217 749 1263 786 et
1283 735 1444 788 rerum
1465 757 1628 788 neces-

185 843 190 848 ·
218 812 450 879 sat-iarum
482 813 648 862 solatia
679 814 915 877 habituri3
959 815 1023 863 ita
1057 826 1104 863 et
1140 815 1318 864 civitati
1355 834 1449 864 suae
1487 828 1629 883 atque

219 889 405 940 dioecesi
431 891 583 939 multo
606 893 773 940 melius
797 893 1069 941 consultum
1091 895 1167 954 iri,
1192 911 1304 942 curn
1327 911 1355 942 a
1375 905 1527 958 tergo,
1548 899 1631 943 Pa·

217 967 355 1015 risios
377 984 541 1016 versus
566 979 613 1017 et
634 973 929 1019 Francorum
950 981 1098 1019 terras
1111 1007 1124 1032 ,
1153 972 1305 1037 patria
1330 982 1429 1020 tuta
1451 982 1496 1020 et
1517 972 1630 1020 hos-

219 1044 346 1092 tibus
366 1050 566 1095 vacuata
585 1047 889 1109 redderetur,
914 1065 1061 1114 quam
1081 1049 1122 1097 si
1142 1049 1206 1098 ad
1230 1037 1407 1115 oppida
1433 1050 1632 1099 Cadomi

219 1134 266 1173 et
286 1125 475 1174 Falesiae
497 1127 770 1193 recipienda
793 1128 1121 1176 intendissent.
1149 1131 1202 1176 In
1221 1145 1315 1193 qua
1336 1146 1388 1176 re
1409 1130 1636 1177 verisimi—

218 1202 325 1251 liter
349 1203 465 1252 tales
487 1204 649 1254 obices
670 1205 987 1266 invenissent,
1013 1207 1146 1272 quod
1157 1207 1257 1272 jam
1281 1218 1417 1274 parta
1439 1219 1486 1256 et
1506 1226 1634 1273 quae-

220 1280 308 1328 sita
328 1318 341 1343 ,
377 1281 490 1348 ipsis
526 1299 614 1330 suo
649 1293 826 1331 conatu
860 1284 1120 1346 frustratis,
1159 1286 1380 1332 extremis
1414 1286 1636 1350 periculis

220 1359 546 1424 exposuissent
560 1379 573 1421 ;
595 1361 661 1409 ita
684 1361 838 1421 enim,
864 1370 969 1409 tum
995 1362 1046 1408 in
1069 1361 1256 1422 multis,
1281 1373 1387 1410 tum
1408 1363 1457 1410 in
1482 1363 1636 1429 perdi-

220 1436 352 1488 tione
372 1445 421 1487 et
445 1438 700 1487 miserabili
720 1440 987 1487 vastatione
1009 1440 1172 1505 patriae
1196 1440 1453 1488 Caletensis
1472 1478 1483 1501 ,
1521 1457 1638 1488 con-

222 1513 378 1578 tigisse
411 1515 473 1564 ad
502 1517 785 1565 memoriam
813 1516 1068 1579 referebat3
1097 1534 1203 1582 quae
1233 1534 1344 1565 cum
1377 1527 1473 1565 tota
1504 1535 1638 1584 paene

221 1609 306 1659 per
318 1595 481 1659 patriae
502 1596 683 1644 incolas
698 1597 797 1662 regi
813 1600 1109 1645 Francorum
1128 1597 1357 1662 acquisita
1374 1598 1559 1659 fuisset,
1578 1614 1637 1644 eo

221 1672 356 1736 quod
388 1673 512 1721 =urbs
553 1674 904 1739 Rothomagum
947 1691 1059 1722 cum
1087 1674 1252 1740 paucis
1281 1675 1483 1722 castellis
1514 1675 1639 1722 illius

223 1751 390 1815 patriae
421 1751 469 1806 in
503 1752 764 1816 Anglorum
786 1752 969 1801 ditione
993 1751 1153 1801 relicta
1173 1753 1259 1801 fuit
1285 1791 1297 1813 ,
1332 1763 1379 1800 et
1401 1753 1639 1800 intermis-

224 1843 332 1875 sum
366 1839 489 1894 opus
519 1830 653 1893 quod
687 1830 798 1879 satis
822 1831 1017 1879 feliciter
1047 1842 1251 1898 caeptum
1276 1830 1456 1891 fuerat,
1485 1830 1641 1878 modi-

225 1924 338 1957 cum
359 1917 469 1973 post
492 1918 682 1974 tempus
703 1910 752 1956 in
776 1911 1113 1958 exterminium
1142 1910 1288 1958 totale
1312 1909 1571 1969 concessit3
1597 1918 1644 1956 et

225 2001 281 2033 ea
304 2002 410 2051 quae
431 1996 568 2052 parta
589 1987 776 2035 fuerant
807 1988 990 2060 oppida
1011 1988 1072 2036 ab
1097 1988 1301 2052 Anglicis
1332 1986 1645 2052 postmodum

226 2073 503 2128 recuperata
528 2064 720 2112 fuerunt
738 2081 851 2112 cum
873 2066 1018 2112 totius
1040 2065 1205 2132 patriae
1222 2064 1482 2112 miserabili
1502 2064 1647 2112 vasti-

227 2149 322 2190 tate
345 2141 448 2190 :.de
468 2159 567 2206 quo
591 2143 638 2190 in
663 2143 991 2208 superioribus
1016 2143 1284 2209 pleniorem
1319 2143 1514 2191 fecimus
1536 2159 1645 2191 nar-

229 2219 466 2266 rationem
483 2222 512 2265 ¹.

294 2296 562 2345 Laudantes
595 2298 737 2362 igitur
761 2298 937 2346 militiae
970 2298 1143 2358 duces,
1181 2300 1264 2364 qui
1291 2309 1396 2346 tum
1419 2299 1645 2360 aderant,

230 2382 277 2420 et
297 2383 526 2439 tanquam
544 2374 685 2423 fidele
714 2392 770 2423 ac
795 2376 997 2441 perutile
1022 2376 1236 2440 ejusdem
1258 2376 1471 2442 praesulis
1496 2376 1650 2423 consi-

231 2450 349 2497 lium
371 2451 725 2517 amplectentes,
742 2453 869 2501 illico
884 2453 946 2501 ad
964 2453 1083 2501 illud
1104 2454 1506 2503 innotescendum
1525 2453 1647 2516 regi,

233 2544 344 2576 cum
356 2529 431 2576 his
453 2547 558 2594 quae
574 2530 768 2578 feliciter
781 2531 961 2579 eisdem
981 2534 1331 2597 provenissent,
1354 2533 1654 2580 destinarunt

235 2606 471 2673 adipsum
493 2607 710 2673 praefatos
732 2608 956 2657 dominos
976 2610 1036 2658 de
1053 2614 1297 2658 Gaacoart
1314 2620 1360 2658 et
1374 2611 1434 2658 de
1455 2608 1650 2667 Czdcm’,

291 2789 332 2827 1.
363 2788 492 2836 Voyez
510 2785 694 2824 ci-dessus
709 2816 721 2836 ,
741 2800 781 2838 p.
805 2788 877 2825 111
902 2796 940 2826 et
958 2786 1059 2826 suiv.

293 2848 332 2884 2.
367 2848 504 2884 calens
525 2844 618 2884 dans
635 2845 672 2883 le
691 2846 913 2886 manuscrit.
937 2849 1065 2897 Voyez
1082 2845 1268 2884 ci-dessus
1286 2874 1296 2893 ‚
1316 2858 1356 2896 p.
1378 2846 1470 2883 216.
