2086 3528
698 341 846 379 LIBER
871 341 1069 381 PRIMUS.
1550 343 1595 380 31

184 423 432 473 monachis
447 424 524 472 vel
548 423 874 473 sacerdotibus
887 462 900 487 ,
927 442 1011 473 seu
1032 424 1295 486 nobilitati,
1321 424 1404 472 illo
1428 424 1600 474 crude-

108 524 110 531 *
182 504 360 554 lissimo
397 505 556 554 furore
586 515 943 572 percurrentes,
972 506 1208 555 ullatenus
1237 506 1474 573 parcitum
1497 517 1596 568 est;

182 584 266 632 sed
284 594 466 650 quanto
489 585 656 633 altiore
671 583 913 649 dignitatis
935 584 1178 633 clarebant
1198 586 1360 648 titulo,
1384 586 1423 633 si
1442 588 1602 634 Arme-

54 663 61 681 s
98 700 104 707 .
181 662 432 711 niacorum
451 663 660 712 fautores
676 662 818 711 fuisse
836 663 1124 723 dicerentur,
1143 673 1275 711 tanto
1288 663 1436 728 magis
1451 664 1501 711 in
1519 681 1602 713 eos

182 740 346 789 saevire
364 740 444 789 illa
464 740 790 789 efferatissima
813 741 1093 789 sicariorum
1114 740 1255 789 turba
1273 740 1533 806 quaerebat,
1555 752 1602 790 et

181 821 442 886 praesertim
455 821 492 867 si
510 820 654 868 etiam
670 837 772 868 rem
782 820 1063 868 familiarem
1071 819 1363 885 locupletem
1372 830 1419 868 et
1429 820 1602 869 domos

181 895 337 946 bonis
357 898 554 947 refertas
583 897 764 946 habere
798 907 1098 964 putarentur.
1139 898 1279 946 Caesis
1315 899 1446 946 enim
1478 916 1602 964 quos

181 975 430 1038 volebant,
457 976 631 1025 domos
661 993 918 1037 caesorum,
949 974 1130 1041 absque
1160 974 1260 1022 ullo
1290 976 1484 1037 ordine,
1509 994 1600 1043 pro

179 1051 317 1102 libito
335 1053 642 1121 diripiebant,
656 1064 703 1103 et
718 1064 916 1121 propter
933 1053 1247 1120 praedasinter
1260 1051 1345 1119 [se]
1360 1053 1603 1103 decertan-

180 1139 250 1180 tes
271 1147 328 1180 ac
344 1131 650 1195 dimicantes,
669 1150 769 1181 sese
791 1133 935 1182 etiam
951 1131 1216 1192 interdum,
1241 1132 1390 1180 instar
1409 1132 1602 1181 rabido-

180 1225 290 1258 rum
311 1226 506 1272 canum,
532 1210 807 1260 lacerabant
827 1221 876 1259 et
893 1209 1210 1276 perimebant.

244 1290 304 1336 Et
331 1288 520 1337 duravit
542 1289 738 1354 quidem
764 1289 866 1337 haec
888 1289 1032 1355 pestis
1052 1289 1102 1336 in
1125 1287 1204 1336 illa
1231 1288 1358 1353 regia
1380 1288 1498 1338 urbe
1515 1307 1602 1356 per

179 1363 282 1414 dies
310 1365 567 1431 plurimos,
602 1367 680 1414 cui
709 1366 1009 1414 honestiores
1043 1366 1196 1426 civeS,
1228 1365 1404 1430 quibus
1436 1383 1493 1416 ea
1526 1385 1602 1416 res

181 1443 486 1494 vehementer
496 1445 791 1512 displicebat,
802 1455 848 1493 et
859 1445 1027 1493 terrori
1038 1454 1181 1509 atque
1193 1444 1385 1493 horrori
1396 1447 1601 1496 maxime

178 1533 302 1584 erat,
327 1524 594 1572 remedium
626 1541 726 1571 non
756 1533 979 1590 poterant
1005 1522 1262 1586 adhibere3
1298 1523 1457 1571 donec
1484 1542 1601 1573 con—

178 1601 304 1648 sulto
338 1601 617 1666 hujusmodi
653 1602 934 1650 sicariorum
957 1600 1116 1659 turba,
1142 1600 1204 1648 ad
1227 1602 1600 1666 expugnandum

94 1693 97 1695 “
178 1677 426 1742 quoddam
444 1690 670 1740 castrum,
684 1680 966 1740 mitteretur,
982 1696 1082 1726 non
1098 1678 1241 1743 longe
1260 1679 1321 1727 ab
1334 1679 1455 1728 urbe
1467 1683 1500 1742 ¹,
1518 1681 1601 1729 ubi

178 1772 352 1821 magna
382 1774 554 1807 manus
585 1775 780 1818 eorum,
815 1758 899 1823 qui
919 1757 1186 1805 Armeniaci
1214 1757 1598 1823 appellabantur,

177 1835 464 1896 consistens,
501 1836 653 1885 multa
687 1836 960 1901 gravamina
994 1835 1158 1901 patriae
1190 1844 1237 1883 et
1275 1835 1386 1883 urbi
1426 1836 1602 1886 inferre

178 1927 277 1959 non
309 1913 540 1963 cessabat.
568 1917 678 1973 Quo
702 1914 809 1962 loco
842 1913 1017 1981 partim
1053 1913 1181 1973 caesi,
1215 1914 1391 1978 partim
1421 1914 1513 1962 fusi
1544 1931 1601 1963 ac

177 1989 403 2057 dispersi,
430 2010 542 2042 cum
563 2009 734 2041 eorum
755 1992 967 2057 reliquiae
989 1990 1052 2039 ad
1074 1990 1246 2039 urbem
1274 2002 1443 2057 postea
1466 1992 1600 2041 redi-

177 2078 300 2131 rent,
316 2071 564 2136 provisum
576 2081 665 2132 est,
675 2087 737 2119 ne
753 2080 884 2119 tanta
899 2071 967 2118 eis
977 2106 989 2130 ,
1006 2079 1060 2117 ut
1072 2079 1229 2130 antea,
1245 2071 1601 2136 permitteretur

177 2144 382 2197 licentia.
412 2151 469 2197 Et
491 2150 560 2198 sic
593 2148 823 2216 paulatim
842 2164 1012 2196 omnes
1038 2164 1174 2214 paene
1205 2147 1273 2195 illi
1300 2149 1599 2198 exterminati

176 2223 383 2274 fuerunt.

240 2304 436 2352 Intravit
458 2304 600 2353 etiam
621 2315 731 2371 post
753 2304 854 2352 haec
884 2303 1056 2352 urbem
1080 2304 1476 2369 Burgundionum
1499 2304 1597 2352 dux

176 2383 430 2441 Joannes’,
456 2383 566 2447 qui,
593 2399 704 2431 cum
734 2381 948 2448 quodam
981 2381 1087 2444 die,
1126 2398 1214 2447 per
1234 2382 1366 2429 vicos
1399 2382 1598 2430 civitatis

177 2475 304 2524 equo
339 2470 527 2521 vectus,
572 2461 766 2509 obviam
812 2460 1057 2508 habuisset
1094 2469 1326 2508 tortorem
1363 2460 1591 2520 civitatiS‚

177 2548 499 2602 cognomento
530 2538 789 2603 Capeluche
804 2576 816 2599 ‚
850 2538 1002 2587 multa
1033 2537 1275 2586 dictorum
1316 2539 1595 2586 sicariorum

231 2681 270 2719 1.
302 2679 333 2718 Il
358 2678 469 2732 s’agit
495 2679 549 2718 du
573 2679 736 2719 chateau
769 2679 819 2719 de
845 2678 1079 2731 Montlhery.
1111 2682 1208 2732 Voy.
1246 2680 1284 2718 le
1311 2682 1476 2718 Journal
1502 2678 1595 2717 d’un

179 2738 371 2790 bow-genis
383 2741 433 2776 de
450 2741 578 2788 Paris,
601 2741 693 2779 amit
711 2742 829 2779 1418.

233 2800 271 2836 2.
302 2798 479 2836 L'entree
491 2797 546 2836 du
557 2797 632 2836 duc
649 2798 697 2837 de
714 2802 946 2852 Bourgogne
964 2807 1030 2839 eut
1040 2799 1119 2838 lieu
1140 2800 1178 2838 le
1195 2802 1246 2839 14
1260 2799 1401 2849 juillet,
1423 2800 1512 2852 cinq
1531 2812 1595 2839 se-

179 2858 325 2899 mines
342 2867 459 2898 avant
474 2858 511 2897 le
523 2858 660 2911 depart
676 2859 724 2899 de
737 2859 988 2912 l'expedition
1009 2860 1057 2899 de
1074 2860 1307 2911 Montlhery.
1330 2859 1431 2901 Ibid.
