2086 3528
536 347 612 382 124
918 343 1257 382 HISTORIARUM
1284 345 1464 383 CALOLI
1492 345 1563 382 VII

535 430 618 492 giae
645 426 773 474 urbis
794 436 966 474 cuncta
987 428 1251 474 necessaria
1281 427 1453 474 advehi
1483 427 1675 474 solitum
1709 434 1796 473 est.
1823 427 1943 474 Cum

537 506 678 551 etiam
705 504 792 568 ipsi
824 503 1082 566 Anglorum
1108 503 1277 551 milites
1306 522 1363 552 ex
1383 504 1659 568 hujusmodi
1691 502 1879 569 oppidis
1899 512 1946 550 et

536 581 723 628 arcibus
758 580 972 644 quotidie
1007 597 1386 645 quaquaversum
1407 583 1648 629 incursare
1671 597 1771 628 non
1795 597 1947 629 cessa-

535 668 667 719 rent,
705 657 823 704 nulli
854 674 939 721 per
980 668 1127 705 terras
1163 676 1355 722 quoque
1387 657 1720 724 proficiscendi
1756 673 1947 706 securus

536 745 723 800 poterat
744 751 843 782 esse
875 736 1126 796 transitus;
1153 752 1242 782 nec
1262 752 1485 800 agrorum
1511 735 1715 783 cultores
1746 751 1948 800 usquam

536 814 586 861 in
609 830 719 860 rure
744 823 847 861 tuto
870 830 1149 878 permanere
1171 823 1391 878 poterant
1405 851 1417 874 ,
1443 831 1576 874 cum,
1597 813 1948 862 incursantibus

540 890 714 955 ubique
746 891 962 938 hostibus
994 902 1040 938 et
1069 892 1207 955 regiis
1235 893 1408 956 pariter
1441 892 1655 952 armatis,
1694 891 1950 956 unicuique

538 978 752 1032 paterent
775 969 969 1033 praedae,
996 979 1136 1032 atque
1160 969 1302 1016 etiam
1325 968 1386 1016 ab
1412 969 1567 1034 Anglis
1583 969 1759 1034 captivi
1779 968 1841 1016 ad
1864 985 1950 1016 sua

539 1046 718 1110 oppida
741 1047 1111 1095 abducerentur.

603 1124 856 1171 Declinans
879 1125 1038 1189 itaque
1062 1124 1172 1172 urbs
1193 1125 1273 1172 illa
1295 1141 1349 1172 ac
1371 1125 1582 1173 devitans
1601 1124 1751 1172 multa
1770 1125 1952 1172 incom-

539 1199 684 1246 moda
703 1210 749 1246 et
770 1201 977 1263 jacturas
1000 1211 1143 1266 atque
1170 1203 1381 1265 angarias
1406 1201 1779 1267 quamplurimas
1795 1238 1807 1261 ‚
1835 1217 1953 1266 quas

539 1276 627 1323 sub
639 1278 900 1341 Anglorum
914 1279 1164 1328 dominatu
1177 1291 1385 1346 experta,
1403 1290 1450 1327 et
1461 1279 1522 1327 ab
1535 1280 1601 1327 eis
1611 1278 1749 1326 valde
1761 1278 1948 1340 afflicta,

539 1369 625 1416 per
643 1355 819 1402 multos
835 1355 934 1418 jam
952 1372 1104 1403 annos
1115 1357 1393 1422 pertulerat,
1408 1357 1455 1403 in
1471 1357 1562 1403 alia
1582 1371 1682 1403 non
1696 1355 1854 1402 forsan
1868 1355 1955 1402 mi-

539 1448 630 1478 nus
646 1433 805 1495 gravia
821 1444 902 1481 aut
918 1435 1076 1481 minus
1092 1435 1262 1482 acerba
1281 1435 1495 1494 incurrit,
1515 1434 1599 1481 sed
1615 1449 1718 1498 quae
1735 1431 1954 1480 nondum

541 1519 757 1573 experta,
778 1510 936 1558 minus
952 1512 1073 1558 forte
1086 1513 1281 1577 praevisa
1301 1522 1381 1560 aut
1398 1510 1605 1576 spectata
1622 1519 1760 1557 antea
1779 1508 1950 1556 forent.

539 1586 704 1634 Solent
727 1589 854 1634 enim
876 1588 1113 1653 plerique,
1141 1589 1256 1636 dum
1279 1590 1358 1636 illa
1380 1590 1503 1636 mala
1534 1588 1719 1651 fugiunt
1739 1602 1846 1651 quae
1874 1602 1955 1634 ex-

539 1665 660 1728 perti
675 1664 972 1726 horrescunt,
990 1667 1286 1730 gravioribus
1296 1684 1345 1715 se
1355 1667 1597 1732 implicare
1613 1664 1951 1722 incommodis,

540 1757 671 1804 quae,
698 1742 853 1790 donec
876 1744 942 1791 eis
963 1760 1049 1809 per
1073 1745 1412 1809 experientiam
1429 1745 1617 1808 cognita
1640 1743 1838 1803 fuerint,
1865 1741 1956 1789 mi-

541 1835 632 1866 nus
663 1819 946 1868 declinanda
985 1831 1126 1886 atque
1161 1823 1354 1869 vitanda
1396 1839 1497 1869 esse
1533 1820 1844 1887 putabantur.
1885 1821 1956 1867 Ita

540 1897 840 1962 profectonilli
866 1899 1108 1946 Parisiacae
1131 1899 1238 1947 urbi
1261 1892 1456 1964 contigit
1474 1937 1485 1959 ‚
1511 1915 1616 1964 quae
1628 1935 1642 1959 ,
1670 1898 1788 1945 dum
1809 1900 1954 1944 Fran-

542 1993 729 2038 corum,
758 1996 839 2026 eos
862 1980 986 2027 intra
1008 1997 1057 2026 se
1081 1980 1357 2045 suscipienS,
1381 1980 1621 2027 molestias
1640 1977 1860 2026 studebat
1877 1992 1955 2024 ex-

541 2063 723 2112 cutere,
749 2056 797 2102 in
831 2057 948 2103 alios
974 2066 1223 2103 venatores
1247 2073 1344 2103 non
1368 2057 1526 2104 minus
1545 2055 1635 2102 sibi
1653 2053 1877 2102 molestos
1897 2068 1954 2100 ac

541 2132 832 2195 periculosos
863 2134 1056 2194 incidit;
1082 2152 1110 2182 a
1137 2134 1312 2199 quibus
1335 2134 1548 2197 undique
1576 2131 1949 2192 circumvallata,

539 2210 729 2257 vastatis
752 2211 1124 2277 circumquaque
1150 2211 1272 2276 agris
1297 2221 1343 2258 et
1370 2211 1558 2258 nudatis
1591 2209 1876 2271 cultoribus,
1901 2209 1953 2256 in

541 2286 683 2334 talem
705 2289 876 2337 iterum
898 2290 1214 2337 calamitatem
1232 2289 1462 2354 perducta
1483 2298 1576 2350 est,
1599 2305 1704 2353 quae
1725 2287 1867 2335 etiam
1886 2286 1954 2334 illi

541 2382 709 2430 quam,
736 2367 826 2414 sub
860 2368 1061 2433 imperio
1096 2367 1356 2431 Anglorum
1390 2367 1674 2428 constituta,
1707 2381 1730 2412 a
1762 2363 1954 2412 Francis

542 2444 822 2508 pertulerat,
848 2463 875 2493 a
897 2446 1020 2493 veris
1038 2462 1197 2493 rerum
1217 2445 1577 2492 aestimatoribus
1593 2445 1745 2492 multo
1766 2442 1954 2507 gravior

543 2532 805 2586 putaretur.
832 2524 1059 2587 Majorern
1089 2524 1216 2571 enim
1248 2539 1445 2570 suorum
1469 2522 1645 2569 civium
1674 2531 1789 2569 tunc
1815 2534 1953 2586 passa

545 2609 614 2647 est
636 2599 1000 2649 diminutionem
1016 2637 1029 2660 ‚
1052 2611 1247 2666 propter
1281 2617 1482 2647 annonae
1504 2600 1749 2647 caritatem
1778 2607 1824 2646 et
1845 2614 1951 2645 mo-

542 2679 697 2726 lestias
714 2678 937 2739 infinitas,
962 2695 1105 2743 quam
1121 2679 1350 2726 hactenus
1370 2678 1564 2724 fecisset.
1589 2675 1853 2724 Permansit
1871 2691 1953 2723 au-

543 2768 639 2805 tem
662 2759 711 2805 in
732 2774 787 2805 ea
806 2758 991 2805 miseria
1015 2757 1327 2804 invalescente
1352 2772 1538 2821 semper
1563 2756 1611 2803 in
1637 2754 1843 2802 deterius
1866 2768 1950 2819 per

541 2852 694 2883 annos
719 2836 918 2897 multos,
956 2854 1067 2884 cum
1099 2835 1255 2883 nullus
1277 2834 1399 2882 ordo
1426 2851 1509 2883 seu
1534 2833 1782 2899 disciplina
1802 2832 1851 2880 in
1874 2847 1950 2880 at·-
