2086 3528
737 350 883 389 mmm
908 350 1153 401 QUARTUS.
1573 352 1651 390 233

227 444 419 500 semper
453 435 599 500 aequis
631 434 815 499 legibus
848 435 909 484 ad
941 435 1238 484 deditionem
1273 436 1486 501 recepit:
1519 436 1652 484 Cice-

227 512 360 560 ronis
392 522 769 578 caeterorumque
807 513 1211 580 philosophorum
1250 513 1653 563 humanissimum

227 599 519 656 praeceptum
551 601 763 652 secutus,
805 592 889 656 qui
931 591 1154 640 dixerunt
1190 601 1334 655 atque
1366 592 1650 654 voluerunt,

184 690 187 692 ·
228 669 371 717 etiam
404 669 443 716 si
474 669 595 717 aries
622 686 817 716 murum
842 663 1156 735 percusserit,
1182 670 1345 719 hostes
1379 680 1541 719 tamen
1578 680 1656 720 re-

229 748 472 815 quirentes
493 748 542 795 in
567 748 713 796 fidem
734 766 836 797 esse
857 749 1180 815 recipiendos.

294 828 566 892 Expurgato
591 826 750 891 itaque
769 843 851 874 rex
873 826 933 874 ab
957 827 1117 891 Anglis
1136 826 1336 874 flumine
1358 829 1590 892 Sequanae
1609 838 1656 876 et

228 902 291 952 ad
303 920 443 950 usum
457 903 773 968 navigationis
785 904 1239 969 evehendarumque
1251 905 1484 952 mercium
1501 905 1655 953 libero

227 979 445 1040 reddito,
483 980 632 1029 duces
670 999 783 1030 suos
826 999 940 1030 cum
985 982 1138 1048 copiis
1177 999 1344 1031 versus
1379 983 1656 1032 inferiorem

229 1060 575 1108 Normanniam
610 1060 885 1120 destinavit,
920 1060 1003 1108 ubi
1036 1061 1097 1108 ad
1129 1070 1339 1108 castrum
1372 1063 1653 1126 Essayum¹‚

228 1134 364 1203 quod
387 1137 634 1204 spectabat
651 1137 765 1185 duci
791 1137 1040 1186 Alenconii
1065 1138 1175 1204 (sed
1199 1137 1358 1186 adhuc
1380 1138 1542 1204 ipsum
1565 1142 1656 1187 An-

230 1215 338 1282 glici
356 1215 679 1280 detinebant),
701 1226 855 1264 castra
873 1217 1037 1265 metati
1057 1226 1183 1264 sunt.
1203 1217 1371 1264 Solum
1387 1218 1518 1265 enim
1540 1217 1659 1266 illud

229 1304 439 1342 castrum
486 1311 596 1342 cum
632 1304 788 1342 castro
825 1295 1302 1360 Dompni-Frontis²,
1347 1294 1473 1343 infra
1510 1305 1660 1344 terras

229 1372 447 1437 ejusdem
469 1371 629 1434 ducis,
666 1373 847 1437 Anglici
878 1383 993 1420 tunc
1015 1373 1272 1432 tenebant3
1300 1390 1415 1421 nam
1439 1383 1550 1421 ante
1580 1392 1661 1422 ur-

228 1449 304 1498 bis
342 1449 738 1516 Rothomagensis
774 1452 1217 1517 recuperationem,
1251 1452 1379 1499 cives
1410 1451 1660 1501 Alenconii

231 1537 279 1576 et
305 1528 582 1593 Argentonii
598 1566 610 1590 ,
647 1538 695 1576 et
724 1528 1077 1590 Bellismenses,
1106 1530 1155 1576 in
1181 1530 1410 1577 comitatu
1435 1531 1657 1592 Pertici⁸‚

231 1621 333 1653 sese
364 1604 601 1653 dederant
618 1644 630 1668 ,
668 1622 782 1653 cum
806 1606 868 1653 ad
893 1623 975 1653 eos
998 1607 1222 1654 nonnulli
1245 1607 1429 1655 ducum
1453 1611 1661 1655 Franco-

233 1684 344 1730 rum
369 1699 481 1731 cum
504 1683 790 1732 militaribus
808 1685 960 1751 copiis
981 1685 1336 1734 adventassent.
1362 1689 1551 1752 Itaque,
1578 1686 1663 1735 ob-

232 1760 419 1809 sidione
447 1778 548 1809 non
573 1762 718 1828 longa
750 1780 841 1811 nec
864 1762 1073 1811 multum
1102 1763 1312 1826 difficili,
1337 1764 1538 1830 hujusce
1560 1781 1662 1813 cas-

234 1848 364 1886 trum
388 1841 621 1905 Essayum
645 1850 896 1907 receptum
921 1842 1028 1889 θεῖ’.

287 2003 306 2039 1
319 2030 327 2040 .
358 1998 488 2045 Essai,
515 1998 766 2049 aujourd’hui
785 1999 881 2039 dans
902 1998 1259 2040 l’arrondissement
1278 1999 1495 2053 d’Alencon
1512 2002 1662 2052 (Ome).

288 2061 328 2100 2.
361 2060 583 2100 Domfront.

290 2123 329 2159 3.
359 2120 556 2172 Αἰεῃςοιι,
576 2121 776 2172 Argentan
799 2129 838 2158 et
855 2119 1025 2159 Belleme
1037 2151 1047 2171 ,
1066 2119 1163 2160 dans
1180 2120 1218 2160 le
1233 2121 1359 2160 comte
1378 2121 1427 2161 de
1446 2122 1606 2163 Perche.

289 2186 329 2223 4.
360 2182 478 2222 Selon
496 2181 643 2221 Robert
669 2182 853 2228 Blondel‚
882 2182 910 2220 il
934 2185 1002 2234 n'y
1027 2191 1093 2221 eut
1118 2196 1187 2235 pas
1212 2184 1340 2222 meme
1367 2183 1415 2222 de
1446 2183 1566 2237 sie'ge.
1593 2187 1667 2223 Les

236 2255 331 2297 gens
362 2242 529 2282 d'armes
558 2242 612 2281 du
640 2242 716 2281 duc
751 2242 966 2294 d'Alencon
1000 2246 1059 2294 s'y
1086 2243 1380 2282 introduisirent
1397 2257 1469 2296 par
1495 2244 1667 2297 surprise

235 2302 406 2356 pendant
433 2315 511 2354 que
538 2302 576 2342 la
603 2302 786 2355 garnison
811 2316 978 2356 presque
1001 2311 1085 2342 tout
1109 2304 1256 2343 entiere
1278 2305 1370 2344 etait
1400 2305 1517 2344 sortie
1547 2305 1596 2343 de
1629 2305 1667 2344 la

235 2363 330 2403 ville
352 2377 452 2416 pour
476 2363 572 2403 aller
596 2364 764 2416 prendre
791 2364 843 2403 du
869 2364 1027 2416 poisson
1053 2366 1076 2403 a
1101 2378 1156 2403 un
1181 2365 1295 2419 etang
1319 2368 1440 2418 qu'on
1464 2365 1596 2405 venait
1618 2365 1667 2404 de

237 2423 364 2464 vider.
386 2427 556 2463 Assertio
575 2427 819 2465 Normanm'ae
835 2456 846 2475 ‚
868 2424 896 2464 l.
919 2426 978 2472 11,
1004 2438 1038 2463 c.
1063 2438 1152 2464 x111.
