2086 3528
522 424 574 462 22
908 420 1253 461 HISTORIARUM
1278 420 1460 459 CAROLI
1484 421 1555 459 VII

587 508 696 553 Haec
727 520 839 551 cum
864 520 947 551 rex
980 502 1172 551 dixisset
1188 540 1200 563 ‚
1232 503 1356 550 miro
1381 501 1530 550 modo
1564 503 1836 550 animorum
1856 518 1941 551 au·-

521 584 657 631 dacia
676 581 835 645 Anglis
852 581 1080 643 accrevit,
1104 579 1505 645 cognoscentibus
1520 580 1634 646 ipsis
1649 596 1785 628 suam
1802 597 1939 646 pror-

519 677 598 708 sus
615 658 870 725 periclitari
896 658 1097 708 salutem
1111 693 1124 719 ,
1152 658 1245 706 nisi
1268 657 1453 706 fortiter
1475 657 1751 706 dimicando
1775 657 1939 708 hostes

519 745 818 803 superarent.

995 950 1338 998 CAPITULUM
1370 952 1451 997 IX.

739 1087 907 1123 Proelium
918 1085 1017 1136 apud
1035 1087 1201 1134 Agincort
1213 1086 1307 1122 inter
1320 1085 1475 1123 Francos
1488 1095 1523 1124 et
1537 1088 1672 1136 Anglos
1685 1089 1713 1126 ¹.

578 1207 850 1256 Clamorem
866 1207 1141 1271 igitursatis
1163 1206 1462 1256 horrendum
1481 1208 1725 1270 tollentes,
1747 1226 1934 1277 coepere

516 1286 701 1350 magnis
723 1284 905 1334 viribus
928 1301 1066 1333 arcus
1085 1285 1340 1333 extendere
1353 1323 1365 1346 ‚
1390 1295 1437 1334 et
1458 1286 1551 1335 tela
1569 1287 1620 1334 in
1639 1286 1802 1337 hostes
1822 1289 1933 1338 mit·

512 1373 636 1423 tere,
664 1363 714 1410 in
746 1368 880 1411 tanta
908 1362 1105 1427 quidem
1135 1364 1503 1425 numerositate,
1545 1373 1599 1412 ut
1633 1364 1697 1413 ad
1732 1366 1933 1416 modum

509 1440 762 1507 cujusdam
783 1440 927 1488 nubis
947 1457 1116 1488 eorum
1132 1440 1340 1489 densitas
1359 1441 1533 1490 coelum
1552 1442 1814 1492 obduceret
1830 1479 1843 1504 ,
1865 1454 1929 1508 et,

511 1537 570 1568 ex
584 1529 657 1567 tot
679 1519 859 1583 sagittis
872 1557 883 1579 ‚
904 1519 1033 1567 velut
1049 1536 1181 1584 seges
1203 1520 1361 1584 aliqua
1381 1520 1544 1569 fertilis
1565 1522 1614 1569 in
1635 1537 1808 1588 campo
1827 1523 1932 1589 ipso

510 1598 683 1646 oborta
710 1607 908 1663 repente
933 1597 1200 1657 videretur3
1228 1598 1637 1664 procedentesque
1665 1599 1933 1664 sagittando

508 1675 572 1724 ad
601 1674 786 1737 hostes,
811 1684 882 1722 tot
903 1691 959 1722 ex
984 1675 1141 1739 equis,
1167 1675 1217 1722 in
1244 1675 1418 1740 quibus
1443 1676 1715 1725 insidebant
1737 1679 1930 1737 Franci,

507 1751 886 1816 hominibusque
913 1750 1226 1799 vulnerarunt
1241 1788 1253 1811 ,
1292 1751 1511 1817 pluribus
1550 1753 1694 1801 etiam
1731 1754 1898 1803 occisis
1913 1791 1927 1817 ,

507 1829 666 1894 quod,
685 1830 966 1895 priusquam
978 1845 1147 1876 manus
1166 1829 1373 1878 inserere
1392 1840 1610 1896 possent,
1632 1831 1932 1896 Francigenis

507 1917 639 1971 terga
661 1906 956 1954 vertentibus
986 1916 1034 1955 et
1067 1908 1425 1973 compressione
1447 1917 1613 1957 mutua
1640 1925 1690 1957 se
1723 1909 1930 1959 invicem

507 1983 879 2044 suffocantibus,
907 2000 1058 2050 parvo
1091 1994 1201 2049 post
1234 1983 1398 2032 labore
1436 1994 1485 2032 et
1516 1985 1650 2033 nullo
1680 2003 1816 2052 paene
1841 2004 1930 2036 ne-

508 2062 658 2126 gotiO,
682 2062 882 2109 victoria
904 2063 1108 2127 Anglicis
1129 2064 1337 2110 cesserit.
1359 2062 1623 2111 Miser-abile
1644 2073 1745 2111 erat
1772 2066 1928 2114 statim

507 2139 671 2188 videre
690 2149 764 2199 ut,
791 2140 944 2206 ruptis
967 2139 1218 2188 ordinibus
1232 2178 1244 2202 ,
1273 2141 1322 2187 in
1349 2140 1454 2205 ipso
1477 2143 1770 2188 Francorum
1794 2157 1926 2190 exer·

507 2217 604 2265 citu
629 2216 849 2265 confusio
872 2217 993 2265 facta
1014 2217 1167 2265 fuerat
1181 2256 1194 2274 ‚
1223 2226 1272 2265 et
1295 2217 1418 2265 elabi
1444 2233 1530 2282 per
1552 2217 1712 2282 fugam
1733 2217 1927 2284 plurimi

506 2304 796 2342 conarentur
815 2313 827 2355 ;
857 2295 1108 2360 quomodo
1132 2295 1299 2343 decem
1319 2294 1581 2359 Anglorum
1599 2305 1794 2344 centum
1810 2313 1928 2362 pro-

504 2383 818 2437 sequerentur
839 2383 887 2421 et
907 2390 1032 2421 unus
1049 2373 1243 2434 decem;
1269 2374 1370 2439 qui,
1395 2390 1507 2421 cum
1529 2372 1591 2422 ab
1614 2374 1773 2439 Anglis
1794 2391 1927 2424 com-

504 2448 936 2516 prehenderentur,
982 2450 1103 2498 nihil
1144 2450 1429 2498 reluctantes
1465 2466 1556 2498 nec
1599 2451 1746 2499 ullam
1791 2469 1927 2519 spem

504 2527 811 2591 defensionis,
832 2529 921 2577 nisi
941 2529 989 2577 in
1010 2530 1111 2577 sola
1126 2529 1253 2594 fuga,
1269 2538 1520 2595 ponentes,
1538 2521 1922 2592 trucidaliantur‚

503 2605 579 2653 vel
615 2607 842 2671 gregatim
876 2616 930 2654 ut
973 2624 1150 2673 pecora
1182 2606 1497 2655 ducebantur.
1538 2607 1924 2674 Cecideruntque

501 2756 617 2782 rence
638 2743 940 2793 d’authenticite,
961 2758 1012 2784 au
1036 2744 1095 2784 roi
1119 2745 1400 2799 d’Angleterre.
1432 2746 1694 2786 Chronicorum
1722 2748 1848 2787 Caroli
1869 2751 1932 2787 VI

499 2802 568 2842 lib.
592 2806 819 2854 XXXVI,c.
839 2819 924 2846 vm.
940 2808 1072 2855 (Tome
1082 2808 1129 2855 V,
1145 2820 1184 2859 p.
1203 2809 1279 2846 555
1300 2805 1348 2844 de
1368 2805 1541 2845 l'edition
1553 2807 1601 2846 de
1615 2810 1668 2847 M.
1692 2807 1924 2862 Bellaguet.)

501 2921 513 2959 ι
552 2863 807 2963 ἒνῦὴαρίῑτο
836 2864 1017 2905 intercale
1049 2865 1145 2905 dans
1178 2866 1234 2906 les
1264 2869 1433 2905 Annales
1460 2869 1667 2919 Flandriae,
1694 2867 1744 2908 de
1770 2870 1920 2921 Meyer,
