2086 3528
543 347 620 384 220
931 341 1272 380 HISTORIARUM
1300 338 1481 379 CAROLI
1515 341 1582 377 VII

545 428 684 475 simul
725 427 864 473 etiam
913 425 975 471 ad
1018 424 1239 472 eumdem
1283 423 1670 484 admonendum,
1719 433 1952 489 quatenus

548 505 833 571 quantocius
857 521 964 550 cum
988 505 1164 551 caeteris
1182 541 1194 563 ,
1228 521 1344 569 quas
1370 494 1541 569 cogere
1569 513 1778 571 poterat,
1804 505 1953 570 copiis

547 584 663 631 fines
700 581 1003 630 Normanniae
1037 591 1239 647 peteret,
1274 581 1612 648 accederetque
1646 583 1949 643 Vernolium3

547 677 660 708 nam
694 660 870 707 ostium
914 675 1165 722 magnum,
1210 659 1272 707 ad
1309 669 1617 725 conquestam
1655 661 1954 709 Normanniae

547 737 977 804 expellendumque
999 736 1059 784 de
1078 753 1133 784 ea
1155 738 1344 802 penitus
1366 738 1554 802 Anglos,
1578 738 1621 785 ei
1641 747 1859 804 apertum
1880 737 1955 786 so-

547 827 644 877 ret,
672 833 728 863 ex
746 815 822 862 his
856 831 985 879 quae,
1015 815 1224 863 secunda
1254 814 1491 863 arridente
1520 815 1735 876 fortuna,
1769 816 1867 880 Jam
1892 815 1954 864 ab

547 895 614 942 eis
633 910 799 942 exorsa
820 902 974 941 essent
997 894 1251 958 votiveque
1274 893 1623 959 processissent.

1003 1082 1343 1128 CAPITULUM
1375 1083 1496 1129 XIX.

570 1207 764 1253 Quomodo
777 1208 996 1243 Francorum
1011 1221 1074 1243 rex
1092 1209 1236 1244 intravit
1251 1209 1508 1244 Normanniam
1520 1235 1529 1253 ,
1544 1216 1578 1244 et
1593 1207 1638 1243 de
1653 1206 1826 1243 vernolio
1837 1208 1934 1245 veuit

751 1269 919 1304 Ebroicas
929 1296 939 1313 ,
953 1277 988 1304 et
1002 1268 1085 1305 inde
1097 1269 1144 1304 ad
1156 1269 1384 1304 Locumveris
1398 1278 1431 1305 et
1449 1270 1614 1305 Pontem·
1620 1267 1754 1305 Archae.

615 1389 734 1434 Cum
758 1397 916 1435 autem
940 1404 1022 1436 eos
1044 1404 1127 1435 rex
1149 1388 1398 1446 audiisset,
1422 1397 1469 1435 et
1486 1379 1740 1435 consilium
1759 1384 1802 1432 ei
1824 1381 1958 1450 quod

548 1466 637 1530 ipsi
662 1465 964 1514 insinuabant
998 1466 1276 1532 placuisset,
1306 1467 1509 1514 multum
1529 1462 1818 1532 properavit,
1856 1460 1959 1509 col-

548 1542 680 1590 lectis
711 1543 923 1608 undique
950 1544 1128 1609 copiis,
1166 1561 1251 1610 per
1275 1545 1558 1591 Carnotum¹
1579 1539 1858 1589 Vernolium
1881 1554 1958 1587 ac-

549 1620 745 1680 cedere,
775 1621 1007 1669 mandans
1032 1621 1234 1669 ducibus
1265 1622 1362 1670 suis
1391 1620 1550 1686 quod,
1579 1620 1680 1667 sine
1703 1617 1954 1676 dilatione,

550 1715 659 1746 cum
696 1698 770 1746 his
811 1716 929 1764 quas
959 1699 1203 1747 habebant
1245 1700 1419 1766 copiis,
1456 1698 1732 1746 Meduntam
1773 1696 1958 1743 Verno-

550 1793 757 1841 nemque
779 1777 958 1842 oppida
974 1787 1188 1843 petentes
1203 1815 1214 1837 ‚
1238 1794 1294 1825 ea
1316 1776 1606 1825 obsiderent.
1635 1774 1706 1822 Ad
1726 1789 1832 1840 quae
1852 1773 1958 1821 loca

547 1870 657 1900 cum
681 1854 1003 1902 admovissent
1021 1865 1174 1904 castra
1189 1865 1236 1903 et
1254 1856 1511 1903 exercitum
1525 1893 1538 1918 ‚
1564 1855 1690 1902 cives
1710 1852 1930 1900 locorum
1941 1886 1955 1911 ,

548 1931 736 1995 longius
768 1942 909 1997 atque
934 1933 1112 1981 diutius
1142 1950 1419 1998 guerrarum
1443 1931 1789 1982 calamitatibus
1815 1930 1958 1979 attriti

549 2019 596 2057 et
628 2009 805 2071 affecti,
834 2028 932 2058 non
966 2012 1304 2060 reluctantibus
1336 2013 1516 2076 Anglis,
1549 2013 1631 2077 qui
1662 2027 1712 2058 se
1733 2009 1795 2058 ad
1817 2009 1959 2075 oppi-

549 2086 723 2134 dorum
755 2087 1081 2136 defensionem
1110 2083 1344 2136 invalidos
1381 2098 1548 2136 contra
1586 2098 1685 2135 tam
1712 2094 1957 2153 potentem

550 2164 807 2212 exercitum
829 2165 1138 2230 reputabant,
1169 2165 1471 2231 pactionibus
1495 2162 1822 2213 consimilibus
1841 2163 1957 2211 civi-

550 2241 632 2287 tati
652 2243 944 2304 Lexoviensi,
959 2243 1253 2291 deditionem
1274 2231 1502 2291 fecerubt.

612 2319 789 2367 Videns
804 2338 919 2369 vero
936 2338 1018 2369 rex
1039 2322 1100 2370 ad
1117 2322 1279 2369 omnia
1297 2321 1386 2369 sibi
1408 2320 1670 2368 secundare
1691 2319 1930 2367 fortunam
1942 2355 1955 2379 ,

548 2408 594 2446 et
612 2398 710 2463 jam
735 2399 793 2446 ad
819 2400 1157 2464 acquirendam
1180 2399 1349 2447 urbem
1374 2399 1803 2462 Rothomagensem
1824 2396 1959 2462 (quae

550 2477 694 2524 totius
716 2477 957 2542 Anglicani
975 2478 1176 2525 dominii
1194 2477 1329 2525 sedes
1346 2477 1582 2542 praecipua
1604 2485 1650 2524 et
1665 2474 1812 2523 veluti
1833 2474 1959 2538 regia

550 2554 766 2619 quaedam
788 2565 885 2603 erat
911 2556 959 2602 in
981 2555 1298 2619 Normannia)
1327 2571 1497 2620 magna
1517 2555 1640 2619 jacta
1666 2569 1766 2601 csse
1788 2551 1958 2599 funda·

552 2642 740 2693 menta,
769 2643 822 2680 ut
855 2633 916 2680 ad
944 2649 1049 2680 eam
1080 2632 1155 2680 vel
1192 2632 1556 2698 expugnandam
1596 2629 1668 2678 vel
1708 2628 1959 2677 obsidione

549 2711 902 2759 coarctandam¹
923 2710 1159 2758 efficacius
1176 2721 1333 2776 posset
1351 2710 1645 2767 incumbere,
1663 2725 1719 2755 ex
1731 2705 1956 2756 Vernolio

604 2843 641 2878 ¹.
671 2840 702 2878 11
722 2840 805 2878 vint
824 2842 846 2878 a
867 2839 1045 2878 chartres
1064 2839 1100 2878 le
1119 2841 1168 2877 22
1188 2841 1291 2879 amit.
1312 2839 1457 2879 Robert
1478 2838 1635 2879 Blondel
1648 2867 1659 2886 ‚
1683 2840 1710 2879 l.
1735 2843 1772 2880 11
1785 2873 1796 2890 ‚
1817 2840 1878 2879 ch.
1898 2850 1952 2877 ix.
