2086 3528
742 373 889 410 LIBER
917 373 1150 420 QUINTUS.
1591 371 1665 412 271

242 458 422 521 erigere
456 466 599 520 atque
633 454 864 503 rebellare
900 457 1001 504 ausi
1038 467 1166 504 sunt.
1206 460 1324 515 Quae
1364 474 1438 504 res
1472 458 1668 506 eosdem

243 544 370 583 certe
406 535 454 581 in
490 549 688 598 magnas
719 534 934 581 miserias
965 544 1110 599 atque
1141 535 1462 594 calamitates,
1499 553 1555 584 ex
1589 537 1670 584 illo

245 611 522 676 temporalis
537 627 632 658 suae
645 610 879 658 felicitatis
904 611 1087 675 fastigio
1100 649 1112 672 ‚
1132 612 1331 660 detrusit
1350 630 1406 661 ac
1424 614 1666 661 demersit.

312 692 430 748 Quae
451 700 613 738 autem
641 706 784 737 causa
805 707 888 737 seu
914 692 1102 737 occasio
1134 691 1201 738 eis
1234 691 1497 739 rebellandi
1525 703 1672 739 mate-

247 769 368 829 riam
394 769 607 816 attulerit
624 805 635 827 ‚
662 784 690 815 a
719 767 919 815 diversis
941 768 1141 833 quidem
1164 767 1362 816 diversae
1384 769 1526 817 fuisse
1556 770 1674 817 fere·

249 844 447 896 bantur.

320 924 520 974 Aiebant
558 942 735 990 nempe
773 925 863 990 ipsi
896 924 1178 972 Gandenses
1207 936 1254 972 et
1291 926 1375 990 qui
1418 942 1587 973 eorum
1613 927 1678 975 sa-

251 1001 429 1050 vebant
457 1001 696 1067 partibus,
724 1001 882 1066 quod,
915 1017 1027 1049 cum
1063 1001 1280 1067 praefatus
1309 1002 1534 1067 princeps
1565 1019 1678 1050 suus

251 1082 500 1148 Philippus
514 1082 749 1147 gabellam
771 1082 880 1130 salis
899 1083 946 1129 in
964 1082 1186 1130 Flandria
1203 1082 1263 1130 de
1280 1099 1410 1130 novo
1429 1083 1679 1148 imponere

253 1161 503 1217 voluisset,
545 1161 649 1210 aliis
689 1160 880 1226 oppidis
919 1177 974 1208 ac
1009 1160 1236 1207 membris
1278 1162 1441 1225 patriae
1482 1162 1680 1209 minime

253 1238 543 1286 audentibus
581 1238 842 1302 denegare,
879 1238 968 1302 ipsi
1004 1238 1120 1296 soli,
1159 1256 1246 1304 pro
1280 1240 1443 1303 patriae
1465 1239 1682 1287 libertate

257 1316 461 1375 tuenda,
500 1317 602 1363 ausi
637 1315 824 1363 fuerant
861 1315 1093 1363 obsistere
1117 1314 1183 1362 illi
1206 1317 1435 1377 novitati;
1476 1335 1563 1383 pro
1587 1335 1681 1382 qua

256 1410 398 1442 causa
422 1394 635 1440 infensus
667 1393 797 1440 idem
826 1393 1074 1458 princeps,
1113 1403 1242 1440 certa
1281 1411 1387 1458 quae
1421 1396 1684 1459 praetende-

257 1469 376 1518 bant
412 1469 593 1518 habere
644 1469 891 1535 privilegia
936 1470 1157 1535 propria,
1202 1471 1278 1518 vel
1319 1470 1581 1520 reformare
1634 1474 1683 1520 in

259 1547 455 1607 melius,
491 1547 567 1594 vel
595 1557 827 1611 tanquam
859 1547 1034 1594 rationi
1069 1557 1214 1612 atque
1248 1548 1438 1596 utilitati
1484 1549 1687 1614 publicae

260 1625 501 1671 contraria
525 1624 782 1688 infringere
797 1624 1059 1671 inchoavit.
1081 1625 1170 1671 Cui
1185 1625 1400 1672 resistere
1413 1626 1683 1689 molientes,

260 1709 374 1749 cu'm
413 1702 733 1767 legationibus
771 1702 999 1750 eumdem
1041 1703 1310 1768 principem
1351 1704 1593 1752 inflectere
1627 1705 1687 1752 ad

261 1797 399 1828 suam
441 1781 744 1828 voluntatem
787 1782 986 1842 minime
1029 1790 1258 1846 possent,
1301 1781 1350 1828 in
1390 1782 1689 1830 manifestam

263 1868 574 1923 apertamque
595 1859 907 1907 rebellionem
934 1869 1186 1906 venerunt.

330 1937 420 1983 Alii
457 1954 568 1985 vero
600 1954 627 1984 e
661 1937 852 1984 diverso
885 1937 1126 2001 negabant
1164 1955 1360 2003 prorsus
1396 1939 1530 2003 quod
1563 1940 1691 1987 idem

266 2016 491 2082 princeps
511 2033 696 2063 novum
723 2015 843 2063 illud
866 2015 1064 2079 vectigal
1088 2033 1173 2063 seu
1197 2015 1432 2080 gabellam
1453 2018 1589 2078 salis,
1617 2017 1694 2064 vel

266 2093 686 2142 aFlandrensibus
718 2094 925 2158 petierit,
960 2093 1036 2140 vel
1076 2092 1166 2139 illis
1197 2094 1383 2158 imponi
1413 2094 1509 2141 ullo
1546 2094 1694 2141 modo

267 2172 574 2236 cogitaverit3
603 2171 688 2219 sed
714 2170 1025 2224 solummodo
1049 2171 1162 2235 quia
1185 2170 1390 2231 abusus,
1429 2188 1552 2235 quos
1587 2172 1694 2238 plu-

270 2249 418 2297 rimos
453 2249 543 2299 sub
568 2249 925 2315 privilegiorum
951 2258 1179 2314 praetextu
1212 2249 1359 2296 iidem
1383 2250 1664 2298 Gandenses
1681 2288 1694 2311 ,

271 2338 437 2376 contra
483 2328 687 2376 aliorum
725 2327 1057 2375 membrorum
1096 2328 1327 2375 Flandriae
1367 2338 1413 2376 et
1455 2329 1697 2394 publicam

274 2408 418 2455 totius
447 2408 610 2472 patriae
645 2407 922 2464 utilitatem,
966 2405 1275 2468 eitercebant,
1313 2407 1432 2455 boni
1470 2408 1700 2473 principis

276 2486 474 2549 fungens
500 2485 686 2546 officio,
716 2487 764 2532 in
790 2486 959 2533 melius
976 2486 1214 2549 corrigere
1237 2503 1292 2533 ac
1316 2487 1576 2534 reformare
1599 2496 1700 2533 stu-

276 2563 427 2622 deret,
445 2563 494 2609 in
516 2562 646 2615 illam
666 2563 982 2612 rebellionem
1004 2573 1183 2610 temere
1202 2565 1496 2629 prorupisse,
1520 2563 1700 2610 eidem-

277 2660 371 2707 que
401 2643 607 2707 principi
642 2659 859 2706 guerram
897 2659 952 2689 ac
988 2642 1075 2689 toti
1106 2642 1338 2689 Flandriae
1367 2651 1413 2688 et
1445 2641 1701 2705 adjacenti-

278 2721 368 2768 bus
399 2722 534 2768 terris
560 2720 795 2767 hostiliter
825 2721 1056 2767 intulisse.

350 2801 459 2845 Utra
481 2815 594 2845 vero
609 2799 806 2846 istarum
823 2804 1075 2846 causarum
1095 2797 1371 2844 incendium
1396 2796 1527 2856 belli,
1551 2795 1620 2842 vel
1641 2814 1700 2843 an

281 2877 372 2924 alia
397 2876 614 2940 quaedam
630 2911 642 2935 ‚
671 2875 907 2932 attulerit,
945 2875 1150 2931 aliorum
1175 2874 1399 2921 duximus
1419 2873 1602 2937 judicio
1627 2890 1700 2920 re-
