2086 3528
713 325 860 364 LIBER
885 325 1134 374 QUARTUS.
1575 333 1650 370 177

226 405 334 467 bus,
354 406 487 471 quod
509 407 726 470 Romani,
748 408 1051 474 temporibus
1074 410 1165 458 illis
1189 410 1365 476 quibus
1381 414 1652 462 Romanum

230 485 435 544 maxime
455 484 655 533 florebat
675 486 950 551 imperium,
974 504 1164 554 semper
1183 489 1391 538 militum
1409 490 1655 540 habebant

228 562 471 627 expeditas
499 562 736 626 legioneS,
776 572 875 611 tam
903 564 953 611 in
986 565 1121 613 ltalia
1145 583 1292 631 quam
1316 568 1365 616 in
1393 570 1654 633 provinciis

230 655 336 703 quae
359 639 513 687 eidem
533 638 764 704 parebant
788 640 992 706 imperio
1015 661 1028 701 ;
1055 643 1272 691 similiter
1292 645 1426 709 quod
1446 656 1494 693 et
1518 648 1655 712 Assy-

229 715 414 764 riorum
433 715 697 781 quondam‚
726 719 993 780 Persarum,
1019 719 1291 780 Medorum,
1319 724 1656 789 AEgyptiorum

230 793 526 859 aliarumque
559 794 774 858 gentium
816 813 950 861 reges
991 813 1181 863 semper
1223 809 1417 864 paratos
1447 802 1655 850 militum

230 878 489 919 tenuerunt
509 889 564 920 ac
587 873 811 920 foverunt
844 875 1093 923 exercitus.
1122 879 1292 924 Fateor
1311 878 1508 942 quidem
1532 899 1543 926 ε
1571 881 1657 928 sed

229 947 348 1010 hoc,
374 950 487 1014 quia
507 950 764 1015 provinciae
792 951 1071 1015 hujusmodi
1093 953 1362 1002 naturalem
1394 955 1656 1005 nobilitatis

231 1026 393 1093 patriae
412 1028 630 1076 militiam
649 1046 750 1077 non
772 1029 1017 1079 habebant
1032 1068 1044 1092 ,
1072 1031 1147 1079 vel
1171 1033 1236 1080 ita
1260 1034 1479 1098 exiguam
1503 1045 1550 1083 et
1577 1052 1655 1083 ra-

230 1119 353 1164 ram,
371 1105 505 1170 quod
525 1106 586 1153 ad
602 1108 796 1155 tutelam
814 1109 1002 1174 imperii
1025 1109 1222 1157 minime
1238 1110 1492 1159 sufficeret.
1511 1115 1659 1159 Erant

231 1182 360 1229 enim
384 1182 662 1247 hujusmodi
679 1186 878 1251 imperia
890 1185 1102 1234 violenta
1118 1197 1165 1234 et
1182 1203 1429 1235 armorum
1443 1190 1659 1254 potentia

230 1259 514 1323 conquisita,
544 1277 649 1325 quae
667 1261 874 1327 populos
894 1263 1167 1325 regionum,
1188 1281 1274 1311 sua
1287 1265 1492 1312 naturali
1508 1265 1660 1312 liber-

231 1344 326 1383 tate
349 1338 585 1402 privatos,
621 1339 672 1385 in
704 1356 842 1386 vsuam
874 1339 1147 1404 redigerent
1186 1343 1463 1389 servitutem
1491 1359 1502 1389 t
1530 1343 1660 1390 unde

230 1430 423 1463 necesse
460 1427 561 1465 erat
594 1418 756 1482 quod,
783 1419 823 1465 si
854 1431 1244 1484 perseverarent,
1274 1421 1455 1468 eisdem
1482 1422 1662 1469 instru-

230 1494 403 1540 mentis
435 1505 851 1557 conservarentur,
888 1496 1063 1560 quibus
1094 1497 1230 1543 initio
1263 1507 1397 1562 parta
1442 1498 1656 1546 fuissent.

230 1570 322 1617 Sed
340 1588 469 1631 cum,
496 1583 550 1620 ut
572 1573 773 1639 pulchre
795 1575 964 1622 Cicero
983 1576 1154 1639 inquit,
1185 1595 1208 1621 «
1227 1575 1360 1623 nulla
1381 1577 1451 1622 vis
1470 1577 1662 1641 imperii

231 1656 361 1698 tanta
381 1650 456 1708 sit,
478 1667 599 1714 quae,
626 1662 872 1717 premente
891 1654 1217 1718 met11,·possit
1239 1670 1340 1701 esse
1365 1653 1614 1712 diuturna,
1635 1673 1658 1698 η

230 1726 343 1774 satis
373 1738 572 1793 apparet
594 1728 875 1793 hujusmodi
905 1731 1106 1797 imperia
1123 1768 1135 1792 ,
1162 1748 1252 1778 nec
1275 1731 1514 1779 naturalia
1532 1769 1544 1792 ,
1572 1749 1662 1779 nec

231 1803 455 1853 amabilia
478 1806 678 1854 subditis
702 1808 950 1868 exstitisse,
980 1826 1092 1856 cum
1114 1808 1311 1874 ubique,
1335 1809 1524 1872 quoties
1549 1809 1662 1856 alla-

232 1890 332 1929 tam
367 1883 778 1947 opportunitatem
815 1885 1153 1950 inspexerunt,
1179 1886 1471 1933 excutientes
1492 1886 1662 1950 jugum

232 1955 488 2023 tyrannicae
528 1960 873 2009 dominationis
891 2001 903 2024 ,
942 1963 989 2010 in
1031 1964 1236 2028 priscam
1272 1980 1373 2011 sese
1413 1981 1663 2029 reparave-

232 2046 346 2084 runt
365 2036 633 2086 libertatem
651 2057 661 2085 :
683 2039 813 2087 unde
829 2040 1162 2105 hujuscemodi
1180 2042 1379 2106 imperia
1395 2059 1531 2108 paene
1551 2059 1663 2088 om-

231 2114 312 2161 nia
335 2115 565 2163 exstincta
583 2116 682 2180 Jam
707 2116 767 2163 ab
799 2118 915 2165 olim
939 2118 1148 2164 fuerunt.

298 2191 392 2239 Sed
406 2202 452 2239 et
465 2192 614 2240 sicubi
632 2202 867 2241 terrarum
882 2195 990 2242 talia
1005 2205 1116 2242 sunt
1129 2195 1306 2260 (neque
1320 2197 1450 2242 enim
1467 2213 1662 2243 omnem

234 2277 469 2316 terrarum
497 2270 668 2318 orbem
690 2270 1027 2335 'hujuscemodi
1050 2289 1212 2320 carere
1241 2273 1454 2338 nequitia
1487 2283 1664 2338 putan-

233 2346 351 2394 dum
375 2347 471 2411 est)
491 2384 502 2408 ‚
529 2347 740 2396 violenta
762 2361 890 2407 sunt,
919 2351 1168 2415 tyrannica
1184 2360 1230 2397 et
1249 2351 1443 2415 injusta,
1464 2350 1665 2398 subditis

233 2423 384 2470 invisa
407 2434 549 2489 atque
573 2443 733 2474 exosa.
757 2428 875 2485 Quis
900 2428 1047 2487 enim,
1071 2428 1285 2475 animum
1310 2444 1595 2492 generosum
1616 2438 1664 2474 et

233 2503 495 2565 ingenuum
527 2504 710 2552 habens
730 2544 742 2568 ,
785 2523 918 2570 aeque
954 2507 1118 2554 animo
1151 2507 1272 2555 ferat
1309 2508 1356 2553 in
1394 2517 1576 2554 tantam
1615 2524 1665 2552 se

234 2579 481 2626 redactum
519 2580 577 2627 iri
609 2583 914 2644 servitutem,
952 2594 1006 2630 ut
1040 2585 1198 2631 omnis
1224 2601 1421 2649 prorsus
1451 2600 1551 2630 rem
1585 2584 1666 2629 ali-

235 2674 382 2722 quam
412 2657 642 2719 habendi‚
676 2677 782 2724 quae
817 2661 878 2708 ad
916 2671 1089 2709 nutum
1109 2662 1298 2724 tyranni
1321 2679 1420 2709 non
1444 2662 1662 2717 exsistat,

235 2735 325 2783 sibi
363 2735 603 2783 adimatur
644 2737 867 2797 facultas,
906 2749 953 2787 et
994 2740 1100 2801 vitae
1139 2757 1235 2788 suae
1267 2740 1493 2803 necisque
1532 2747 1667 2803 pote-

235 2823 404 2864 statem
454 2814 502 2861 in
555 2817 744 2878 tyranni
792 2817 990 2865 arbitrio
1043 2818 1353 2866 constitutam
1399 2816 1625 2881 suspiciat
1649 2853 1661 2876 ‚

346 2907 360 2929 1
1396 2895 1446 2932 12
