2086 3528
718 392 865 430 LIBER
893 391 1165 431 SECUNDUS.
1608 395 1656 431 47

238 489 404 538 mates,
432 476 910 537 administrabantur3
934 478 1139 525 Franciae
1163 473 1279 525 vero
1302 488 1536 542 quantum
1559 490 1660 527 erat

239 557 409 605 ditioni
423 556 690 616 subactum,
710 571 796 620 per
812 554 987 602 ducem
1003 555 1252 603 Betfordiae
1263 592 1275 616 ‚
1293 556 1495 604 alterum
1514 557 1661 623 ipsius

239 635 429 683 Henrici
445 644 686 700 patruum,
703 643 895 681 strenue
910 634 1020 680 satis
1039 649 1095 680 ac
1110 633 1374 699 prudenter
1389 635 1658 699 regebatur.

240 713 334 772 Qui
367 723 590 761 strenuus
622 711 820 776 quidem
843 721 966 770 erat,
987 709 1227 759 humanus
1249 722 1296 760 et
1313 713 1491 777 justus,
1519 717 1663 761 Fran-

240 807 502 856 corumque
524 789 735 851 nobiles,
759 790 841 854 qui
861 787 952 835 sibi
976 788 1232 854 parebant,
1250 790 1454 838 multum
1476 807 1658 852 amans,

240 877 287 915 et
305 884 393 934 pro
417 867 513 915 suis
529 867 785 914 virtutibus
807 866 1004 914 studens
1027 883 1110 914 eos
1131 867 1401 915 honoribus
1419 867 1658 915 extollere.

241 945 402 1005 Unde,
428 945 656 1009 quamdiu
679 945 817 1005 vixit,
850 945 1138 992 Normannis
1160 954 1207 992 et
1234 945 1424 992 Francis
1455 946 1664 1010 partium

239 1037 434 1071 suarum
457 1023 570 1071 satis
593 1022 766 1070 charus
796 1031 843 1069 et
871 1021 1070 1069 dilectus
1102 1021 1206 1069 suit.
1239 1023 1429 1088 Accepit
1463 1024 1591 1070 enim
1614 1024 1662 1070 in

242 1117 438 1148 uxorem
462 1100 674 1148 nobilem
694 1100 943 1148 dominam
971 1102 1198 1159 Annam¹‚
1221 1117 1436 1148 sororem
1457 1100 1664 1167 Philippi

241 1177 636 1242 Burgundionum
667 1178 829 1239 ducis3
857 1176 987 1224 unde
1023 1177 1146 1224 inter
1170 1177 1328 1242 ipsum
1358 1188 1405 1225 et
1439 1179 1664 1226 eumdem

195 1267 201 1272 “
242 1255 542 1322 Philippum,
569 1255 652 1319 qui
684 1255 860 1303 dictam
885 1270 1022 1302 suam
1047 1270 1263 1302 sororem
1287 1255 1426 1302 valde
1450 1256 1663 1315 amabat,

241 1349 299 1382 ex
314 1333 543 1381 affinitate
556 1333 834 1397 hujusmodi
849 1333 1065 1380 amicitiae
1079 1349 1226 1379 nexus
1250 1334 1512 1398 plurimum
1534 1335 1666 1384 inva-

241 1412 354 1472 luit,
377 1412 660 1475 duravitque
678 1412 802 1459 inter
822 1428 922 1470 e05,
948 1410 1111 1474 quoad
1128 1410 1332 1459 affinitas
1353 1411 1433 1460 illa
1451 1413 1665 1477 ejusdem

243 1507 338 1538 suae
360 1492 536 1538 sororis
558 1490 692 1537 obitu
716 1489 994 1537 solveretur.

308 1569 545 1616 Dominus
566 1568 708 1633 igitur
733 1567 1017 1615 Bethfordiae
1038 1567 1154 1628 dux,
1183 1567 1440 1631 imperium
1461 1585 1550 1633 pro
1575 1572 1667 1616 An-

245 1645 434 1711 glorum
453 1662 562 1710 rege
582 1646 631 1691 in
645 1645 842 1692 Francia
865 1643 1222 1703 administrans,
1243 1643 1363 1691 fines
1381 1645 1442 1692 ab
1458 1645 1667 1692 Henrico

243 1722 470 1771 defuncto
492 1732 539 1770 et
555 1722 786 1769 terminos
808 1721 942 1784 regni
964 1720 1213 1781 dimissos,
1240 1721 1352 1768 totis
1374 1731 1575 1770 conatus
1600 1731 1670 1769 est

245 1801 424 1850 viribus
449 1801 677 1867 ampliare
700 1810 844 1864 atque
863 1815 1146 1865 propagare.
1170 1799 1316 1847 Multa
1336 1800 1515 1866 quippe
1530 1801 1670 1866 oppi-

245 1880 359 1929 dula
387 1891 434 1929 et
454 1890 634 1941 castra,
662 1896 766 1944 quae
796 1879 964 1926 Franci
995 1878 1247 1941 tenebant,
1274 1879 1399 1928 circa
1434 1883 1669 1927 Norman·

245 1960 335 2007 niae
356 1958 475 2006 fines
508 1968 556 2006 et
587 1956 922 2004 Parisiensium
946 1956 1198 2016 terminos,
1235 1957 1310 2003 vel
1343 1958 1487 2005 armis
1522 1974 1669 2023 expu-

247 2046 406 2102 gnata,
424 2037 498 2084 vel
521 2033 853 2083 obsidionibus
874 2036 1152 2096 coarctata’‚
1179 2035 1374 2100 recepit.
1402 2037 1473 2083 De
1495 2035 1672 2100 quibus

247 2131 333 2181 per
353 2114 535 2180 singula
557 2112 749 2172 referre,
774 2128 864 2159 nec
887 2129 1010 2177 opus
1033 2121 1118 2173 est,
1147 2122 1194 2159 et
1217 2112 1507 2160 fastidiosam
1531 2114 1672 2160 nimis

249 2211 333 2244 sua
356 2194 624 2261 prolixitate
644 2192 889 2239 historiam
906 2190 1173 2255 legentibus
1193 2191 1431 2239 redderet.

304 2355 321 2391 1
335 2385 344 2394 .
380 2354 490 2390 Anne
508 2349 557 2388 de
575 2352 822 2401 Bourgogne‚
844 2347 987 2385 mariee
1006 2360 1057 2385 au
1077 2347 1152 2386 duc
1168 2347 1217 2386 de
1239 2346 1423 2385 Bethford
1445 2347 1481 2385 le
1504 2349 1554 2385 17
1574 2348 1672 2386 avril

253 2417 270 2452 1
279 2415 373 2462 423,
388 2419 511 2451 morte
527 2412 563 2449 le
577 2411 626 2448 14
644 2407 858 2447 novembre
878 2409 897 2444 1
907 2409 997 2448 432.
1016 2410 1084 2447 Ses
1093 2416 1212 2446 restes
1220 2407 1376 2446 mortels
1384 2415 1451 2445 ont
1460 2407 1519 2445 ete
1533 2407 1675 2446 decon-

250 2481 355 2512 verts
361 2473 596 2512 recemment
606 2470 701 2508 dans
710 2470 764 2507 les
772 2468 970 2507 dernieres
978 2468 1223 2507 demolitions
1232 2469 1339 2507 faites
1348 2482 1424 2507 aux
1431 2468 1615 2507 celestius
1626 2468 1674 2506 de

250 2532 358 2572 Paris
370 2541 408 2571 et
416 2531 650 2583 transportes
664 2531 684 2567 a
691 2528 821 2577 Dijon.
834 2529 913 2566 Son
921 2527 1100 2566 tombeau
1111 2537 1167 2567 est
1175 2542 1225 2567 au
1235 2528 1367 2567 musee
1374 2528 1423 2567 de
1432 2528 1651 2568 Versaines.

306 2594 345 2631 2.
380 2594 536 2632 coarcta
548 2590 644 2629 dans
658 2590 695 2628 le
707 2587 932 2627 manuscrit.
946 2589 1142 2627 Peut—etre
1161 2596 1304 2627 coacta.
