2086 3528
673 345 818 384 LIBER
844 345 1088 392 QUARTUS.
1522 347 1596 384 180

668 525 1004 573 CAPITULUM
1039 528 1100 573 X.

183 655 392 704 Quomodo,
407 657 591 693 occasione
608 663 814 704 treugarum
833 665 867 692 et
892 655 1084 693 deditionis
1109 656 1258 693 civitatis
1280 658 1600 705 Cenomanensis,

230 714 419 753 seditiones
435 715 526 751 inter
541 717 673 763 Anglos
690 725 771 751 sunt
785 716 934 751 subortae
943 729 954 760 3
972 724 1006 751 et
1021 715 1066 752 de
1083 715 1319 751 exstinctione
1334 715 1435 752 ducis
1457 710 1604 755 Glooen-

231 777 308 814 trin
326 785 361 812 et
375 777 534 825 episcopi
549 776 810 812 Cichestrensis.

250 890 393 935 Facta
423 886 582 950 itaque
615 896 686 933 est
711 886 859 950 ipsius
882 886 1082 934 civitatis
1113 885 1314 934 deditio.
1349 889 1466 944 Quae
1500 903 1603 948 res,

187 965 328 1014 simul
361 974 408 1013 et
442 974 616 1029 treugae
654 981 764 1012 cum
798 964 987 1012 Francis
1026 962 1227 1023 habitae,
1267 964 1524 1011 maximam
1557 965 1608 1011 in

189 1042 405 1108 Angliam
425 1042 674 1090 turbarum
696 1059 751 1090 ac
776 1042 1064 1090 seditionum
1087 1041 1393 1089 occasionem
1416 1042 1611 1089 invexe-

189 1129 318 1168 runt.
359 1119 593 1168 Ferebant
635 1120 928 1186 displicuisse
972 1135 1160 1184 semper
1199 1118 1310 1166 duci
1340 1119 1611 1167 Glocestriae

190 1206 378 1261 treugas
399 1198 525 1263 ipsas
547 1215 659 1247 cum
674 1198 863 1245 Francis
885 1206 1061 1262 captas,
1084 1197 1167 1262 qui
1190 1197 1313 1260 regis
1340 1197 1514 1261 Angliae
1532 1214 1614 1263 pa-

190 1285 326 1324 truus
364 1285 465 1323 erat
509 1285 556 1322 et
592 1275 693 1340 ejus
734 1274 995 1340 impuberis
1034 1276 1231 1322 tutelam
1266 1275 1506 1339 totiusque
1546 1275 1614 1322 rei

192 1352 656 1401 administrationem
675 1353 827 1400 multo
852 1363 1070 1418 tempore
1094 1352 1342 1399 habuerat.
1373 1352 1616 1399 Existima-

192 1429 279 1478 bat
300 1430 421 1479 forte
446 1431 566 1495 ipse,
593 1431 676 1495 qui
700 1430 911 1495 prudens
930 1430 1003 1477 vir
1025 1439 1071 1477 et
1095 1430 1143 1477 in
1160 1430 1326 1477 litteris
1353 1430 1463 1477 satis
1485 1447 1619 1477 com-

194 1517 412 1574 petenter
446 1508 685 1562 institutus
722 1517 850 1566 erat,
891 1523 1067 1572 easque
1101 1508 1364 1572 plurimum
1397 1506 1615 1566 amabat,

193 1583 393 1632 infirmis
415 1586 584 1633 animis
609 1585 899 1649 Anglorum,
927 1595 974 1632 et
997 1602 1120 1650 quos
1146 1585 1208 1632 ad
1233 1584 1490 1632 seditiones
1510 1602 1621 1650 pro-

197 1661 340 1711 clives
362 1662 646 1728 deditosque
667 1680 769 1710 esse
791 1673 1083 1728 agnosceret,
1118 1671 1299 1710 metum
1325 1665 1622 1710 Francorum

135 1787 143 1789 s
197 1757 309 1788 cum
329 1740 505 1805 quibus
520 1741 646 1789 bella
664 1750 898 1805 gererent,
925 1750 1157 1805 tanquam
1181 1739 1376 1805 pupillis
1393 1749 1619 1799 tutorem,

199 1819 607 1884 pernecessarium
649 1828 791 1883 atque
826 1818 992 1865 utilem
1027 1818 1155 1879 fore,
1199 1817 1345 1864 veluti
1383 1817 1467 1882 qui
1505 1833 1619 1876 eos,

200 1895 432 1960 quamdiu
470 1895 805 1959 hujuscemodi
835 1896 1039 1943 externis
1075 1895 1296 1960 occupati
1330 1904 1621 1955 tenerentur,

202 1973 264 2021 ab
284 1974 518 2021 intestinis
536 1984 583 2021 et
594 1973 810 2021 civilibus
831 1973 1078 2021 cohiberet
1097 1983 1239 2038 atque
1255 1973 1533 2020 refrenaret.
1550 1973 1627 2020 Sic

203 2051 332 2099 enim
364 2051 478 2098 olim
514 2051 592 2099 ille
628 2052 816 2116 sapiens
854 2051 1012 2115 Scipio
1045 2051 1213 2098 Nasica
1247 2060 1428 2098 metum
1462 2051 1628 2098 stantis

205 2127 501 2193 Carthaginis
525 2128 726 2175 infirmis
753 2131 1078 2175 Romanorum
1108 2128 1280 2175 animis
1304 2128 1627 2175 necessarium

207 2221 307 2252 esse
338 2205 588 2265 censebat3
632 2215 678 2252 et
712 2215 966 2271 propterea
998 2206 1194 2252 minime
1232 2222 1339 2253 eam
1373 2204 1629 2252 delendam

209 2298 326 2343 esse,
341 2283 475 2346 cujus
491 2284 655 2331 stantis
666 2293 821 2331 metus
832 2287 1163 2331 Romanorum
1179 2286 1385 2346 animos,
1397 2301 1458 2331 ne
1472 2283 1631 2331 civiles

210 2360 259 2408 in
295 2360 557 2408 discordias
593 2362 894 2420 laberentur,
935 2362 1111 2409 utiliter
1145 2361 1448 2427 prohibebat.
1493 2361 1632 2408 Unde

211 2437 471 2503 prudenter
493 2440 900 2487 animadvertebat
922 2439 1050 2487 idem
1080 2440 1177 2487 dux
1207 2440 1480 2487 Glocestriae
1503 2455 1633 2486 eamr

214 2515 324 2562 dem
343 2516 552 2564 civilium
572 2518 694 2565 inter
717 2535 766 2566 se
782 2518 1132 2566 discordiarum
1150 2518 1487 2575 calamitatem,
1509 2533 1631 2579 quae,

215 2594 498 2657 Carthagine
529 2595 709 2656 deleta,
737 2596 854 2642 olim
879 2597 1108 2644 Romanis
1143 2597 1408 2660 contigerat
1425 2631 1437 2653 ‚
1463 2595 1501 2641 si
1523 2610 1634 2640 cum

218 2672 407 2718 Francis
428 2670 552 2719 bella
574 2682 764 2721 externa
786 2690 886 2720 non
919 2684 1128 2737 gererent
1150 2710 1161 2733 ,
1187 2673 1498 2720 verisimiliter
1526 2687 1635 2736 per-

218 2759 485 2798 venturam.

287 2829 403 2886 Quae
435 2837 560 2875 certe
592 2828 737 2893 ipsius
769 2829 1056 2878 existimatio
1089 2831 1312 2878 eumdem
1339 2830 1535 2877 minime
1570 2829 1640 2875 fe-
