2086 3528
726 340 873 382 Llet
896 340 1115 382 TERTIUS.
1556 340 1633 378 155

218 425 368 490 magis
387 427 679 476 Francorum
700 438 926 486 regnum,
963 438 1110 486 quam
1141 421 1428 484 Anglorum,
1455 422 1632 472 contri·

218 514 323 557 tum
343 492 722 566 exhaustumque
744 509 860 550 erat.
899 503 1002 551 Imo
1025 510 1142 550 tunc
1164 500 1368 551 maxime
1389 499 1564 549 divitiis
1585 510 1633 549 et

218 580 392 648 opibus
405 619 418 644 ‚
435 589 540 633 tum
560 578 622 628 de
637 578 801 645 spoliis
820 580 1028 629 Franciae
1046 579 1290 629 immensae
1309 578 1633 628 §estimationis

216 660 269 714 in
290 659 506 725 Angliam
532 659 753 719 invecti5‚
781 668 885 707 tum
912 668 959 707 et
984 659 1223 707 variarum
1259 668 1306 706 et
1337 657 1632 723 locupletum

218 755 308 790 usu
334 755 392 791 ao
417 738 681 803 frequentia
701 737 1083 802 negotiationum
1098 773 1112 797 ,
1135 737 1240 803 ipsa
1266 737 1434 801 Anglia
1460 736 1632 789 florere

216 816 516 878 cernebatur.
553 819 672 875 Quae
707 816 930 866 intestina
963 831 1158 882 prorsus
1194 814 1326 864 nulla
1358 813 1483 862 bella
1518 824 1633 862 tunc

217 894 448 957 habebam
475 897 526 944 in
549 897 684 946 terris
706 906 866 947 autem
891 894 1155 945 Galliarum
1175 893 1261 942 diu
1281 892 1406 941 bella
1428 904 1634 958 gesserat

216 972 328 1024 tatis
348 973 561 1035 feliciter,
582 974 710 1022 unde
727 991 843 1040 opes
863 990 998 1040 poene
1018 974 1294 1020 innumeras
1313 981 1629 1020 contraxerat.

218 1053 559 1103 Verumtamen
578 1090 590 1113 ‚
629 1062 681 1101 ut
720 1053 956 1115 diximus,
990 1050 1154 1116 quoad
1183 1067 1259 1099 res
1289 1049 1483 1098 bellicas
1514 1067 1632 1115 quas

219 1131 447 1194 gerebant
462 1132 512 1180 in
527 1130 680 1179 Gallia
694 1168 708 1190 ‚
734 1130 875 1194 longe
893 1139 1009 1178 tuno
1032 1128 1229 1177 audacia
1251 1137 1299 1176 et
1315 1127 1496 1177 viribus
1515 1128 1633 1175 infe-

218 1208 368 1258 riores
394 1219 552 1272 erant,
586 1226 732 1274 quam
754 1210 919 1275 priscis
947 1208 1145 1256 fuissent
1171 1206 1490 1274 temporibus.
1517 1208 1635 1253 Cor·

218 1287 349 1351 rupti
370 1288 500 1336 enim
516 1288 592 1338 his
612 1288 734 1336 vitiis
750 1325 763 1350 ,
785 1304 890 1352 quae
904 1304 962 1334 ex
980 1285 1124 1334 rebus
1142 1285 1363 1335 secundis
1386 1284 1636 1350 provenire

218 1366 402 1428 solent,
428 1367 624 1415 avaritia
635 1376 684 1414 et
706 1366 915 1427 luxuria,
937 1365 1172 1429 simulque
1190 1364 1330 1411 variis
1344 1363 1444 1427 jam
1463 1363 1636 1410 Gallia·-

219 1461 329 1491 rum
368 1444 549 1492 deliciis
589 1445 761 1493 assueti
779 1483 792 1507 ,
831 1444 962 1492 illam
998 1443 1253 1491 barbaram
1287 1441 1520 1488 feritatem
1553 1458 1638 1511 seu

221 1523 596 1583 animositatem,
634 1540 780 1588 quam
817 1523 954 1574 initio
990 1522 1232 1573 bellorum
1265 1521 1315 1567 in
1338 1521 1542 1567 Galliam
1566 1521 1637 1566 in-

220 1610 460 1660 vexerant,
485 1601 690 1648 nimium
713 1601 1010 1660 remiserant,
1028 1616 1055 1647 a
1071 1598 1415 1667 voluptatibus,
1442 1607 1638 1664 propter

220 1694 337 1742 quas
366 1695 468 1729 sese
506 1679 705 1744 ignaviae
735 1689 878 1744 atque
913 1677 1146 1726 socordiae
1183 1675 1445 1735 dederant,
1471 1674 1638 1741 procul

220 1755 372 1804 dubio
394 1757 508 1804 victi
526 1767 574 1805 et
594 1757 819 1822 superati.

287 1837 410 1886 Cum
431 1835 575 1898 igitur
604 1851 804 1886 uxorem
840 1835 941 1898 regi
970 1851 1057 1882 suo
1091 1835 1141 1881 in
1165 1834 1360 1881 Francia
1384 1831 1639 1898 petendam

221 1911 564 1972 decrevissent,
585 1913 757 1960 missus
777 1921 847 1960 est
868 1911 936 1959 ob
960 1928 1069 1961 eam
1090 1927 1194 1959 rem
1218 1910 1400 1975 legatus
1415 1910 1513 1958 dux
1538 1909 1641 1957 Suf-

221 1989 372 2037 foloiae
395 1990 444 2037 in
458 1990 678 2050 Galliam,
701 2000 749 2038 et
770 2007 881 2038 cum
902 2006 962 2038 eo
985 1990 1240 2054 episeopus
1256 1988 1635 2049 Cichestrensis¹,

220 2079 384 2119 custos
405 2070 576 2135 privati
601 2069 738 2135 sigilli
763 2072 886 2134 regis
909 2068 1110 2133 Angliae,
1134 2084 1247 2115 cum
1278 2067 1440 2116 multis
1466 2067 1639 2126 nobili-

221 2145 314 2194 bus
331 2148 446 2198 viris
467 2147 661 2212 Angliae.
687 2149 783 2206 Qui
813 2164 927 2194 cum
949 2147 998 2193 in
1029 2148 1263 2193 comitatu
1284 2145 1436 2194 nobili
1465 2155 1515 2193 et
1536 2161 1639 2193 ma·-

223 2224 397 2288 gniflco
415 2235 646 2292 apparatu
673 2243 722 2273 se
735 2225 940 2276 Turonis
959 2224 1293 2284 eontulissent,
1315 2239 1414 2287 quo
1437 2222 1547 2271 loco
1563 2223 1637 2271 vel

223 2306 274 2352 in
297 2304 584 2370 quibusdam
607 2305 894 2371 propinquis
915 2303 1080 2351 castris
1112 2302 1408 2367 frequentius
1437 2318 1495 2349 ea
1519 2311 1640 2349 tem-

225 2393 406 2450 pestate
427 2400 511 2430 rex
531 2383 728 2435 Carolus
762 2400 812 2431 se
839 2394 887 2431 et
916 2383 1100 2432 curiam
1123 2400 1259 2432 suam
1286 2382 1501 2441 tenebat,
1529 2399 1642 2430 cau-

228 2477 328 2509 sam
351 2461 424 2507 sui
445 2460 676 2508 adventus
697 2470 841 2526 atque
862 2461 1105 2509 missionis
1127 2463 1227 2525 regi
1251 2461 1423 2509 Carolo
1446 2476 1643 2526 aperue-

227 2549 358 2587 runt.
376 2541 433 2585 Et
445 2555 501 2586 ex
516 2539 662 2604 ipsius
672 2539 868 2603 quidem
880 2539 1064 2588 filiabus
1081 2539 1261 2605 (plures
1273 2540 1402 2588 enim
1417 2537 1646 2601 habebat)

230 2618 427 2668 alteram
440 2617 642 2667 libenter
662 2617 964 2681 habuissent3
984 2618 1069 2666 sed
1086 2619 1187 2683 jam
1208 2636 1236 2667 a
1258 2619 1406 2684 longo
1430 2630 1645 2684 tempore

286 2748 324 2786 1.
356 2745 525 2795 Suffolk,
546 2719 662 2797 ayant
686 2759 826 2786 encore
855 2747 892 2786 le
922 2747 1008 2787 titre
1036 2748 1084 2798 de
1104 2758 1229 2793 comte
1252 2750 1347 2802 qu’il
1376 2750 1548 2802 changea
1569 2761 1646 2800 peu

233 2809 345 2860 apres
369 2820 469 2859 pour
495 2806 595 2850 celui
615 2806 664 2846 de
694 2809 890 2860 marquis,
922 2822 1001 2848 non
1026 2823 1095 2862 pas
1123 2810 1171 2849 de
1201 2811 1301 2861 duc;
1330 2819 1368 2849 et
1391 2810 1567 2863 l'eveque
1598 2808 1646 2847 de

230 2868 468 2919 chichester,
488 2867 611 2908 Adam
631 2868 818 2920 Moleyns.
