2086 3528
400 362 475 400 328
780 361 1125 399 HISTORIARUM
1153 362 1336 399 CAROLI
1360 362 1431 398 VII

367 446 369 448 ’
398 461 528 492 scere
561 454 811 511 poterunt,
849 443 1084 491 tributum
1114 453 1162 490 et
1195 445 1409 492 militiam
1448 454 1600 492 tantas
1634 460 1690 492 ac
1717 453 1814 491 tam

400 540 565 585 graves
588 521 727 568 simul
749 521 923 586 jugiter
946 521 1197 568 tolerando
1221 530 1268 568 et
1287 522 1583 570 sustinendo.

468 603 522 646 Et
539 599 641 646 haec
666 599 726 645 de
749 599 890 645 rebus
914 615 940 646 a
964 598 1137 646 Carolo
1159 601 1243 645 Vll
1267 608 1314 645 et
1334 616 1421 646 suo
1444 610 1660 666 tempore
1679 599 1819 663 gestis

399 677 610 724 retulisse
638 676 904 735 suffecerit3
933 692 1051 740 quas
1074 676 1306 739 singulas,
1333 693 1596 741 omnesque
1619 677 1821 741 particu-

400 754 522 800 lares
543 753 795 800 conssictus
819 763 1114 800 armatorum
1128 790 1140 814 ,
1165 763 1308 818 atque
1329 754 1569 801 civitatum
1590 771 1673 801 seu
1693 754 1821 801 loco·

401 848 509 878 rum
547 830 848 892 obsidiones,
892 831 1270 895 expugnationes
1306 841 1353 878 et
1389 831 1707 896 direptiones,
1747 848 1819 878 re-

404 908 524 955 ferre
557 908 753 955 minime
787 908 1109 973 suscepimus,
1147 925 1260 954 nam
1288 907 1408 968 hoc,
1438 909 1606 972 procul
1641 908 1817 968 dubiO,

402 987 608 1052 plurima
645 996 691 1033 et
740 1002 913 1050 magna
950 986 1197 1033 volumina
1236 997 1529 1052 exposceret.
1582 987 1675 1034 Sed
1718 1004 1823 1052 quae

404 1065 621 1128 graviora
661 1074 805 1128 atque
839 1065 1095 1112 illustriora
1131 1065 1378 1130 relatuque
1416 1074 1463 1111 et
1494 1065 1723 1112 memoria
1755 1065 1825 1112 di-

405 1142 573 1205 gniora
613 1141 962 1206 reputavimus,
1010 1141 1123 1188 huic
1167 1152 1340 1189 nostrae
1378 1142 1587 1189 historiae
1624 1142 1824 1189 inserui-

406 1237 526 1266 mus.
569 1221 636 1265 Ex
671 1218 848 1282 quibus
882 1219 992 1266 satis
1021 1219 1204 1284 liquido
1243 1229 1432 1267 constat
1468 1236 1611 1283 quam
1645 1219 1824 1267 lubrica

405 1314 647 1363 quamque
680 1297 854 1359 fragilis
885 1307 932 1343 et
963 1298 1192 1345 versatilis
1223 1298 1283 1344 sit
1312 1297 1631 1344 humanarum
1666 1314 1827 1344 rerum

405 1375 647 1434 conditio,
677 1383 723 1420 et
750 1384 984 1437 quantum
1009 1391 1037 1422 a
1060 1391 1175 1422 vero
1199 1375 1421 1423 aberrent
1443 1385 1584 1439 atque
1608 1375 1824 1435 devient,

407 1454 489 1518 qui
537 1452 802 1499 felicitatem
841 1453 890 1499 in
933 1453 1178 1500 bonorum
1219 1454 1559 1519 temporalium
1597 1470 1828 1518 quorum·

407 1545 613 1592 cumque
644 1529 901 1594 adeptione
930 1541 1114 1595 ponant
1141 1541 1285 1595 atque
1313 1532 1631 1592 constituant,
1665 1541 1711 1578 et
1741 1548 1831 1596 po—

408 1608 586 1654 tissime
627 1623 887 1670 regnorum
927 1617 974 1654 et
1017 1609 1332 1673 imperiorum
1373 1625 1681 1672 magnorum,
1727 1624 1832 1672 quae

407 1701 655 1749 nunquam
694 1693 876 1731 certum
908 1695 954 1731 et
983 1686 1199 1749 quietum
1235 1696 1411 1734 statum
1441 1685 1655 1733 habent:
1688 1694 1833 1750 prout

408 1771 506 1809 tam
532 1763 579 1808 in
606 1763 695 1809 isto
725 1761 899 1809 Carolo
928 1765 1251 1822 Francorum,
1278 1780 1422 1827 quam
1444 1764 1492 1810 in
1518 1773 1692 1828 nepote
1715 1779 1802 1809 suo
1818 1799 1828 1819 ,

410 1839 669 1903 Anglorum
696 1838 909 1901 regibus,
937 1839 1205 1887 luculenter
1228 1857 1284 1887 ex
1307 1841 1404 1902 his,
1429 1858 1534 1905 quae
1556 1839 1829 1899 retulimus,

409 1917 632 1963 innotuit.
673 1919 730 1962 Et
765 1917 981 1981 profecto
1017 1918 1066 1964 in
1107 1918 1279 1965 Carolo
1321 1919 1502 1984 optime
1542 1916 1833 1981 verificatum

409 2002 596 2040 constat
617 1992 733 2040 illud
753 1994 1067 2056 Virgilianum
1095 2014 1106 2041 ε

556 2106 691 2148 Multa
715 2106 804 2149 dies
825 2108 1048 2166 variusque
1071 2108 1194 2150 labor
1217 2108 1432 2150 mutabilis
1456 2108 1531 2150 aevi

559 2179 736 2221 Rettulit
756 2180 799 2220 in
823 2180 997 2234 melius,
1024 2181 1180 2223 multos
1204 2180 1366 2223 alterna
1387 2180 1569 2222 revisens

560 2251 684 2292 Laesit
698 2283 708 2303 ,
734 2261 777 2292 et
800 2251 843 2292 in
867 2251 1004 2294 solido
1026 2268 1167 2294 rursus
1191 2251 1360 2293 fortuna
1381 2250 1565 2304 locavit3

411 2357 450 2402 si
483 2367 639 2404 tamen
671 2357 879 2404 solidum
912 2359 1072 2421 aliquo
1105 2359 1254 2406 modo
1287 2358 1381 2406 dici
1415 2359 1583 2423 possit,
1617 2358 1752 2423 quod
1786 2359 1834 2405 in

412 2443 543 2481 tanta
579 2434 876 2481 fluxibilitate
902 2445 1046 2499 atque
1079 2436 1510 2484 inconstantissima
1541 2453 1701 2484 rerum
1732 2453 1835 2484 mu-

413 2511 643 2558 tabilitate
665 2512 807 2559 situm
834 2522 978 2576 atque
1002 2512 1213 2559 locatum
1237 2524 1322 2560 est.

565 2666 819 2690 ms'ronunuu
841 2667 891 2690 DE
910 2667 1022 2692 RBBUS
1044 2667 1066 2691 A
1092 2668 1237 2692 CAROLO
1260 2669 1436 2702 SEPTIMO,
1458 2668 1684 2693 FRANCORUM

667 2732 763 2755 REGE
777 2748 787 2766 ,
812 2733 859 2755 ΕΤ
880 2732 1164 2774 suoymtwonz,
1187 2735 1227 2757 IN
1250 2734 1386 2758 GALLIA
1402 2751 1412 2769 9
1437 2735 1584 2768 cnsrls,

841 2798 951 2821 mmm
978 2798 1142 2828 QmNTUs
1172 2799 1217 2822 ΒΤ
1252 2799 1415 2823 ULTIMUS

928 2863 1102 2887 EXPLICIT
1122 2863 1329 2889 FELICITER.
