2086 3528
553 378 630 414 120
945 372 1286 412 HISTORIARUM
1312 370 1493 409 CAROLI
1520 371 1591 407 VII

554 456 716 503 seratis
730 492 742 514 ,
765 453 881 502 nihil
908 454 970 501 ad
992 454 1123 501 illam
1141 453 1309 501 urbem
1328 471 1384 501 ex
1405 451 1615 501 inferiori
1639 459 1771 516 parte
1789 464 1961 514 prove-

554 534 656 580 nire
677 540 880 598 poterat.
908 534 979 578 Ex
1002 531 1247 596 superiore
1268 541 1427 579 autem
1449 530 1665 594 regione,
1685 544 1796 575 cum
1819 528 1961 575 etiam

555 614 775 676 Sequana
793 620 990 676 propter
1004 610 1264 669 Meldinum
1293 619 1341 657 et
1361 610 1451 656 alia
1466 607 1645 674 oppida
1657 644 1669 665 ‚
1689 615 1736 653 et
1752 606 1964 653 Materna

554 699 752 755 propter
792 688 1112 746 Latiniacum,
1140 687 1289 735 clausi
1318 697 1498 748 essent,
1528 685 1628 733 fieri
1658 700 1755 731 non
1778 678 1965 748 poterat

556 767 672 831 quin
702 766 827 813 fame
850 775 994 830 atque
1017 765 1236 812 omnium
1266 781 1425 811 rerum
1455 764 1617 828 inopia
1639 760 1966 808 miserabiliter
2008 792 2009 795 =
2080 764 2086 802 ζ·

555 845 887 892 conficeretur.
919 847 1039 892 Cum
1066 843 1208 908 igitur
1229 842 1287 889 ad
1312 852 1492 889 tantam
1515 841 1628 888 urbs
1650 841 1750 906 ipsa
1776 838 1965 887 calami·

556 932 702 970 tatem
725 922 930 971 adducta
951 920 1174 969 venando
1199 919 1385 980 suisset,
1409 936 1512 983 quae
1534 920 1713 982 majore
1744 933 1803 964 ex
1833 924 1967 981 parte

555 1017 753 1047 suorum
771 1000 1110 1047 numerositate
1132 998 1307 1044 civium
1322 1033 1335 1055 ,
1363 1013 1457 1060 qua
1481 1013 1577 1044 una
1598 1013 1649 1044 re
1665 995 1843 1043 caeteris
1865 1011 1968 1041 om-

557 1077 698 1124 nibus
715 1077 912 1124 urbibus
937 1075 1208 1124 Occidentis
1231 1073 1488 1139 aliquando
1510 1072 1849 1139 praecelluerat‚
1877 1089 1968 1119 nu-

557 1155 669 1203 data
690 1165 813 1214 erat,
849 1165 902 1202 ut
936 1170 1079 1219 supra
1104 1152 1331 1213 diximus,
1358 1168 1447 1198 nec
1480 1151 1627 1198 ullum
1642 1151 1742 1214 jam
1763 1149 1969 1215 reperire

558 1233 696 1280 sciret
739 1232 967 1295 effugium
1003 1230 1260 1295 quominus
1294 1229 1356 1277 ad
1393 1238 1672 1276 venatorum
1696 1227 1812 1285 retia
1837 1225 1970 1274 labe·

557 1319 689 1356 retur
706 1346 718 1369 ,
763 1308 1074 1356 nihilominus
1127 1317 1284 1355 tamen
1330 1306 1487 1354 adhuc
1527 1306 1683 1353 eidem
1721 1303 1972 1352 subvenire

558 1386 719 1433 conati
740 1395 853 1433 sunt
871 1385 1023 1449 Angli.
1043 1388 1161 1432 Nam
1177 1385 1287 1431 illuc
1308 1400 1366 1431 ex
1381 1382 1545 1448 Anglia
1562 1382 1780 1430 militiam
1796 1397 1972 1429 novam

558 1463 861 1524 invexerunt,
887 1463 1072 1510 circiter
1093 1462 1155 1509 ad
1176 1461 1274 1508 duo
1296 1461 1442 1508 millia
1464 1460 1705 1525 equitum;
1729 1459 1840 1524 qui,
1862 1474 1974 1506 cum

558 1541 773 1604 quodam
792 1541 869 1587 die
889 1541 1081 1588 obviam
1099 1540 1289 1587 Francis
1305 1540 1497 1587 ivissent
1511 1576 1523 1600 ,
1551 1539 1634 1603 qui
1649 1537 1710 1585 de
1731 1536 1975 1584 Pontisara

559 1628 607 1665 et
640 1618 741 1665 aliis
776 1618 1122 1665 munitionibus
1153 1635 1263 1664 cum
1294 1634 1467 1681 magno
1501 1617 1690 1681 agmine
1730 1615 1854 1661 circa
1880 1623 1975 1661 ter-

562 1696 719 1742 minos
753 1696 1151 1758 Sancti-Dionysii
1185 1695 1528 1755 adventarant,
1558 1693 1830 1741 habuerunt
1865 1707 1976 1738 cum

563 1772 743 1819 eisdem
788 1773 977 1820 Francis
1019 1772 1156 1820 valde
1189 1772 1426 1820 infelicem
1459 1772 1823 1835 congressum¹;
1862 1785 1976 1817 nam

564 1866 697 1914 paene
721 1867 887 1897 omnes
910 1851 985 1897 vel
1007 1851 1111 1897 caesi
1143 1850 1218 1897 vel
1241 1851 1367 1915 capti
1390 1851 1535 1898 fuere.
1571 1853 1674 1897 Hoc
1697 1858 1855 1898 autem
1875 1864 1976 1896 non

565 1927 759 1975 fortuito
780 1938 862 1975 aut
878 1928 1125 1976 casualiter
1140 1929 1203 1975 ita
1225 1904 1475 1992 cdntigisse
1494 1928 1730 1976 creditum
1748 1937 1842 1987 est;
1863 1943 1976 1974 nam

566 2023 623 2053 ex
657 2005 838 2053 civibus
876 2006 1212 2053 Parisiensibus
1249 2023 1346 2053 non
1389 2007 1556 2069 exigua
1588 2004 1843 2053 multitudo
1875 2005 1976 2068 jam

571 2099 682 2129 cum
707 2086 998 2130 Francorum
1021 2082 1222 2130 ducibus
1244 2082 1304 2130 de
1329 2082 1456 2130 urbis
1490 2081 1733 2129 deditione
1763 2081 1978 2129 facienda

569 2161 691 2209 clam
722 2171 768 2208 et
797 2171 979 2208 secreto
1011 2170 1321 2220 convenerat,
1357 2159 1630 2207 auctoribus
1667 2158 1895 2206 Michaele
1923 2158 1979 2206 de

567 2240 723 2287 Lalz'er
759 2251 806 2288 et
841 2240 1095 2287 Guillelmo
1119 2241 1385 2305 Sangul'n²,
1423 2238 1505 2303 qui
1539 2238 1662 2285 inter
1695 2237 1812 2285 alios
1853 2237 1979 2286 cives

569 2327 616 2365 et
637 2318 971 2383 locupletiores
1000 2327 1046 2365 et
1079 2317 1354 2364 famosiores
1376 2327 1477 2364 tum
1502 2314 1817 2363 habebantur.
1841 2313 1979 2362 Unde

569 2395 631 2443 ad
663 2395 985 2460 recipiendam
1009 2394 1284 2458 hujusmodi
1315 2393 1610 2442 deditionem
1630 2393 1769 2458 (cum
1793 2408 1980 2458 semper

568 2474 618 2520 in
657 2473 774 2521 urbe
809 2490 980 2537 magna
1012 2473 1217 2521 solerent
1247 2489 1347 2520 esse
1382 2472 1642 2537 Anglorum
1663 2469 1905 2537 praesidia,
1933 2480 1979 2519 et

623 2638 662 2675 1.
692 2639 745 2675 Le
764 2635 950 2675 vendredi
970 2635 1068 2674 saint
1087 2637 1110 2673 6
1126 2635 1222 2674 avril
1247 2636 1365 2673 1436.

619 2698 659 2736 2.
690 2695 829 2734 Michel
864 2695 1006 2735 Lallier
1031 2704 1068 2734 et
1099 2695 1318 2734 Guillaume
1346 2693 1516 2746 Sanguin
1547 2693 1688 2733 etaient
1715 2690 1895 2733 echevins
1930 2690 1979 2732 de

568 2756 689 2795 Paris.
711 2760 805 2794 Jean
824 2755 998 2794 Chai-tier
1014 2768 1064 2792 ne
1081 2767 1236 2793 nomme
1254 2767 1322 2806 pas
1345 2753 1513 2805 Sanguin
1529 2783 1538 2802 ,
1562 2753 1658 2792 mais
1676 2757 1772 2792 Jean
1798 2752 1978 2792 Delafon·

567 2817 671 2855 taine
698 2824 736 2854 et
754 2815 884 2854 Pierre
915 2815 963 2853 de
982 2818 1171 2867 Langres,
1195 2816 1217 2852 31
1238 2814 1305 2865 qui
1322 2827 1371 2852 ne
1393 2813 1586 2851 tardarent
1612 2826 1681 2866 pas
1700 2813 1748 2852 de
1766 2826 1808 2853 se
1825 2811 1978 2862 j0indre

567 2876 731 2915 Thomas
744 2869 934 2929 Pigache',
955 2874 1104 2914 Nicolas
1127 2874 1175 2913 de
1189 2873 1376 2913 Louviers
1394 2881 1431 2912 et
1449 2876 1610 2925 Jacques
1631 2872 1679 2912 de
1697 2873 1892 2926 Bet-gere&
