<?xml version="1.0" encoding="UTF-8"?>
<!DOCTYPE html PUBLIC "-//W3C//DTD XHTML 1.0 Transitional//EN"
    "http://www.w3.org/TR/xhtml1/DTD/xhtml1-transitional.dtd">
<html xmlns="http://www.w3.org/1999/xhtml" xml:lang="en" lang="en">
 <head>
  <title>
</title>
<meta http-equiv="Content-Type" content="text/html;charset=utf-8" />
  <meta name='ocr-system' content='tesseract 3.04.00' />
  <meta name='ocr-capabilities' content='ocr_page ocr_carea ocr_par ocr_line ocrx_word'/>
</head>
<body>
  <div class='ocr_page' id='page_1' title='image "./histoiredesrgn01basiuoft_0501.png"; bbox 0 0 2086 3528; ppageno 0'>
   <div class='ocr_carea' id='block_1_1' title="bbox 817 373 1710 423">
    <p class='ocr_par' dir='ltr' id='par_1_1' title="bbox 817 373 1710 423">
     <span class='ocr_line' id='line_1_1' title="bbox 817 373 1710 423; baseline 0.008 -14"><span class='ocrx_word' id='word_1_1' title='bbox 817 373 962 410; x_wconf 84' lang='lat' dir='ltr'><strong>LIBER</strong></span> <span class='ocrx_word' id='word_1_2' title='bbox 991 375 1219 423; x_wconf 78' lang='lat' dir='ltr'><strong>QmNTth.</strong></span> <span class='ocrx_word' id='word_1_3' title='bbox 1635 379 1710 416; x_wconf 81' lang='lat'><strong>327</strong></span> 
     </span>
    </p>
   </div>
   <div class='ocr_carea' id='block_1_2' title="bbox 291 455 1724 2929">
    <p class='ocr_par' dir='ltr' id='par_1_2' title="bbox 291 455 1717 1524">
     <span class='ocr_line' id='line_1_2' title="bbox 295 455 1710 521; baseline 0.005 -22"><span class='ocrx_word' id='word_1_4' title='bbox 295 462 415 500; x_wconf 88' lang='lat' dir='ltr'><strong>esset</strong></span> <span class='ocrx_word' id='word_1_5' title='bbox 449 463 496 500; x_wconf 88' lang='lat' dir='ltr'><strong>et</strong></span> <span class='ocrx_word' id='word_1_6' title='bbox 529 463 782 518; x_wconf 89' lang='lat' dir='ltr'><strong>angustum</strong></span> <span class='ocrx_word' id='word_1_7' title='bbox 800 489 812 511; x_wconf 93' lang='lat'><strong><em>‚</em></strong></span> <span class='ocrx_word' id='word_1_8' title='bbox 853 455 943 502; x_wconf 92' lang='lat' dir='ltr'><strong>nisi</strong></span> <span class='ocrx_word' id='word_1_9' title='bbox 980 473 1068 521; x_wconf 93' lang='lat' dir='ltr'><strong>pro</strong></span> <span class='ocrx_word' id='word_1_10' title='bbox 1105 473 1155 504; x_wconf 91' lang='lat' dir='ltr'><strong>se</strong></span> <span class='ocrx_word' id='word_1_11' title='bbox 1191 467 1237 505; x_wconf 88' lang='lat' dir='ltr'><strong>et</strong></span> <span class='ocrx_word' id='word_1_12' title='bbox 1271 456 1550 506; x_wconf 86' lang='lat' dir='ltr'><strong>satellitibus</strong></span> <span class='ocrx_word' id='word_1_13' title='bbox 1587 459 1710 520; x_wconf 92' lang='lat' dir='ltr'><strong>suis,</strong></span> 
     </span>
     <span class='ocr_line' id='line_1_3' title="bbox 294 528 1715 599; baseline 0.005 -23"><span class='ocrx_word' id='word_1_14' title='bbox 294 528 575 595; x_wconf 84' lang='lat' dir='ltr'><strong>hospitium.</strong></span> <span class='ocrx_word' id='word_1_15' title='bbox 624 531 877 590; x_wconf 81' lang='lat' dir='ltr'><strong>Quaerebat</strong></span> <span class='ocrx_word' id='word_1_16' title='bbox 920 534 1052 580; x_wconf 91' lang='lat' dir='ltr'><strong>enim</strong></span> <span class='ocrx_word' id='word_1_17' title='bbox 1093 534 1400 581; x_wconf 85' lang='lat' dir='ltr'>solitudinem</span> <span class='ocrx_word' id='word_1_18' title='bbox 1446 535 1507 582; x_wconf 89' lang='lat' dir='ltr'><strong>ad</strong></span> <span class='ocrx_word' id='word_1_19' title='bbox 1551 552 1715 599; x_wconf 83' lang='lat' dir='ltr'><strong>greges</strong></span> 
     </span>
     <span class='ocr_line' id='line_1_4' title="bbox 293 609 1715 677; baseline 0.005 -24"><span class='ocrx_word' id='word_1_20' title='bbox 293 617 566 655; x_wconf 90' lang='lat' dir='ltr'><strong>scortorum</strong></span> <span class='ocrx_word' id='word_1_21' title='bbox 600 619 646 656; x_wconf 92' lang='lat' dir='ltr'><strong>et</strong></span> <span class='ocrx_word' id='word_1_22' title='bbox 682 609 1028 672; x_wconf 83' lang='lat' dir='ltr'>exsoletorum,</span> <span class='ocrx_word' id='word_1_23' title='bbox 1062 628 1185 675; x_wconf 92' lang='lat' dir='ltr'><strong>quos</strong></span> <span class='ocrx_word' id='word_1_24' title='bbox 1218 628 1406 677; x_wconf 88' lang='lat' dir='ltr'><strong>semper</strong></span> <span class='ocrx_word' id='word_1_25' title='bbox 1443 613 1715 661; x_wconf 85' lang='lat' dir='ltr'><strong>circumdu-</strong></span> 
     </span>
     <span class='ocr_line' id='line_1_5' title="bbox 294 684 1717 753; baseline 0.004 -21"><span class='ocrx_word' id='word_1_26' title='bbox 294 684 457 743; x_wconf 89' lang='lat' dir='ltr'><strong>cebat,</strong></span> <span class='ocrx_word' id='word_1_27' title='bbox 483 686 678 734; x_wconf 88' lang='lat' dir='ltr'><strong>liberius</strong></span> <span class='ocrx_word' id='word_1_28' title='bbox 701 697 748 734; x_wconf 91' lang='lat' dir='ltr'><strong>et</strong></span> <span class='ocrx_word' id='word_1_29' title='bbox 769 688 975 752; x_wconf 88' lang='lat' dir='ltr'><strong>quietius</strong></span> <span class='ocrx_word' id='word_1_30' title='bbox 996 689 1302 746; x_wconf 87' lang='lat' dir='ltr'><strong>retinendos,</strong></span> <span class='ocrx_word' id='word_1_31' title='bbox 1325 690 1517 753; x_wconf 91' lang='lat' dir='ltr'><strong>suisque</strong></span> <span class='ocrx_word' id='word_1_32' title='bbox 1537 690 1717 738; x_wconf 88' lang='lat' dir='ltr'><strong>deliciis</strong></span> 
     </span>
     <span class='ocr_line' id='line_1_6' title="bbox 294 761 1712 836; baseline 0.005 -28"><span class='ocrx_word' id='word_1_33' title='bbox 294 761 487 810; x_wconf 88' lang='lat' dir='ltr'><strong>uberius</strong></span> <span class='ocrx_word' id='word_1_34' title='bbox 508 765 869 829; x_wconf 89' lang='lat' dir='ltr'><strong>perfruendum,</strong></span> <span class='ocrx_word' id='word_1_35' title='bbox 903 781 1075 812; x_wconf 84' lang='lat' dir='ltr'><strong>cavens</strong></span> <span class='ocrx_word' id='word_1_36' title='bbox 1098 775 1150 812; x_wconf 90' lang='lat' dir='ltr'><strong>ut</strong></span> <span class='ocrx_word' id='word_1_37' title='bbox 1172 782 1271 813; x_wconf 91' lang='lat' dir='ltr'><strong>non</strong></span> <span class='ocrx_word' id='word_1_38' title='bbox 1287 803 1298 825; x_wconf 94' lang='lat'><strong>,</strong></span> <span class='ocrx_word' id='word_1_39' title='bbox 1325 767 1415 814; x_wconf 90' lang='lat' dir='ltr'><strong>nisi</strong></span> <span class='ocrx_word' id='word_1_40' title='bbox 1438 784 1466 814; x_wconf 90' lang='lat' dir='ltr'><strong>a</strong></span> <span class='ocrx_word' id='word_1_41' title='bbox 1487 768 1712 836; x_wconf 84' lang='lat' dir='ltr'><strong>paucissi-</strong></span> 
     </span>
     <span class='ocr_line' id='line_1_7' title="bbox 295 838 1716 908; baseline 0.004 -23"><span class='ocrx_word' id='word_1_42' title='bbox 295 839 383 886; x_wconf 90' lang='lat' dir='ltr'><strong>mis</strong></span> <span class='ocrx_word' id='word_1_43' title='bbox 410 838 513 887; x_wconf 85' lang='lat' dir='ltr'><strong>fieri</strong></span> <span class='ocrx_word' id='word_1_44' title='bbox 541 853 724 906; x_wconf 88' lang='lat' dir='ltr'><strong>posset,</strong></span> <span class='ocrx_word' id='word_1_45' title='bbox 749 843 796 889; x_wconf 93' lang='lat' dir='ltr'><strong>in</strong></span> <span class='ocrx_word' id='word_1_46' title='bbox 820 842 1000 890; x_wconf 90' lang='lat' dir='ltr'><strong>eisdem</strong></span> <span class='ocrx_word' id='word_1_47' title='bbox 1021 843 1418 907; x_wconf 81' lang='lat' dir='ltr'><strong>interpellaretur.</strong></span> <span class='ocrx_word' id='word_1_48' title='bbox 1448 844 1585 891; x_wconf 87' lang='lat' dir='ltr'><strong>Unde</strong></span> <span class='ocrx_word' id='word_1_49' title='bbox 1609 844 1716 908; x_wconf 89' lang='lat' dir='ltr'><strong>plu-</strong></span> 
     </span>
     <span class='ocr_line' id='line_1_8' title="bbox 292 908 1716 986; baseline 0.005 -24"><span class='ocrx_word' id='word_1_50' title='bbox 292 908 416 964; x_wconf 76' lang='lat' dir='ltr'><strong>rimav</strong></span> <span class='ocrx_word' id='word_1_51' title='bbox 430 917 714 968; x_wconf 87' lang='lat' dir='ltr'><strong>detrimenta</strong></span> <span class='ocrx_word' id='word_1_52' title='bbox 731 931 887 968; x_wconf 90' lang='lat' dir='ltr'><strong>totum</strong></span> <span class='ocrx_word' id='word_1_53' title='bbox 903 937 1106 984; x_wconf 91' lang='lat' dir='ltr'><strong>regnum</strong></span> <span class='ocrx_word' id='word_1_54' title='bbox 1128 920 1421 985; x_wconf 81' lang='lat' dir='ltr'><strong>patiebatur3</strong></span> <span class='ocrx_word' id='word_1_55' title='bbox 1443 923 1716 986; x_wconf 85' lang='lat' dir='ltr'><strong>parcissime</strong></span> 
     </span>
     <span class='ocr_line' id='line_1_9' title="bbox 293 994 1716 1063; baseline 0.004 -23"><span class='ocrx_word' id='word_1_56' title='bbox 293 994 421 1040; x_wconf 88' lang='lat' dir='ltr'><strong>enim</strong></span> <span class='ocrx_word' id='word_1_57' title='bbox 449 996 511 1042; x_wconf 93' lang='lat' dir='ltr'><strong>ad</strong></span> <span class='ocrx_word' id='word_1_58' title='bbox 538 997 638 1060; x_wconf 90' lang='lat' dir='ltr'><strong>ejus</strong></span> <span class='ocrx_word' id='word_1_59' title='bbox 664 999 962 1063; x_wconf 89' lang='lat' dir='ltr'><strong>praesentiam</strong></span> <span class='ocrx_word' id='word_1_60' title='bbox 991 997 1370 1063; x_wconf 88' lang='lat' dir='ltr'><strong>provincialibus</strong></span> <span class='ocrx_word' id='word_1_61' title='bbox 1393 1008 1439 1045; x_wconf 91' lang='lat' dir='ltr'><strong>et</strong></span> <span class='ocrx_word' id='word_1_62' title='bbox 1464 1000 1716 1063; x_wconf 87' lang='lat' dir='ltr'><strong>regnicolis</strong></span> 
     </span>
     <span class='ocr_line' id='line_1_10' title="bbox 291 1074 1717 1136; baseline 0.004 -17"><span class='ocrx_word' id='word_1_63' title='bbox 291 1074 605 1136; x_wconf 80' lang='lat' dir='ltr'><strong>praestabatur</strong></span> <span class='ocrx_word' id='word_1_64' title='bbox 626 1076 871 1124; x_wconf 89' lang='lat' dir='ltr'><strong>audientia</strong></span> <span class='ocrx_word' id='word_1_65' title='bbox 893 1077 967 1124; x_wconf 85' lang='lat' dir='ltr'><strong>vel</strong></span> <span class='ocrx_word' id='word_1_66' title='bbox 986 1093 1226 1136; x_wconf 88' lang='lat' dir='ltr'><strong>accessus;</strong></span> <span class='ocrx_word' id='word_1_67' title='bbox 1248 1077 1332 1124; x_wconf 90' lang='lat' dir='ltr'><strong>sed</strong></span> <span class='ocrx_word' id='word_1_68' title='bbox 1350 1078 1717 1126; x_wconf 85' lang='lat' dir='ltr'><strong>corrodentibus</strong></span> 
     </span>
     <span class='ocr_line' id='line_1_11' title="bbox 291 1151 1715 1220; baseline 0.005 -25"><span class='ocrx_word' id='word_1_69' title='bbox 291 1151 457 1198; x_wconf 89' lang='lat' dir='ltr'><strong>omnia</strong></span> <span class='ocrx_word' id='word_1_70' title='bbox 491 1152 690 1200; x_wconf 90' lang='lat' dir='ltr'><strong>canibus</strong></span> <span class='ocrx_word' id='word_1_71' title='bbox 722 1154 812 1201; x_wconf 94' lang='lat' dir='ltr'><strong>illis</strong></span> <span class='ocrx_word' id='word_1_72' title='bbox 845 1154 1088 1219; x_wconf 86' lang='lat' dir='ltr'><strong>palatinis,</strong></span> <span class='ocrx_word' id='word_1_73' title='bbox 1126 1153 1500 1201; x_wconf 87' lang='lat' dir='ltr'><strong>assentatoribus</strong></span> <span class='ocrx_word' id='word_1_74' title='bbox 1539 1156 1715 1220; x_wconf 90' lang='lat' dir='ltr'><strong>volup-</strong></span> 
     </span>
     <span class='ocr_line' id='line_1_12' title="bbox 293 1231 1712 1297; baseline 0.004 -23"><span class='ocrx_word' id='word_1_75' title='bbox 293 1235 539 1294; x_wconf 83' lang='lat' dir='ltr'><strong>tatumque</strong></span> <span class='ocrx_word' id='word_1_76' title='bbox 588 1231 841 1291; x_wconf 89' lang='lat' dir='ltr'><strong>ministris,</strong></span> <span class='ocrx_word' id='word_1_77' title='bbox 892 1249 981 1297; x_wconf 88' lang='lat' dir='ltr'><strong>pro</strong></span> <span class='ocrx_word' id='word_1_78' title='bbox 1031 1231 1376 1279; x_wconf 84' lang='lat' dir='ltr'><strong>mediatoribus</strong></span> <span class='ocrx_word' id='word_1_79' title='bbox 1423 1248 1544 1296; x_wconf 92' lang='lat' dir='ltr'><strong>opus</strong></span> <span class='ocrx_word' id='word_1_80' title='bbox 1589 1243 1712 1292; x_wconf 89' lang='lat' dir='ltr'><strong>erat,</strong></span> 
     </span>
     <span class='ocr_line' id='line_1_13' title="bbox 292 1309 1716 1374; baseline 0.004 -22"><span class='ocrx_word' id='word_1_81' title='bbox 292 1322 502 1368; x_wconf 85' lang='lat' dir='ltr'><strong>quorum</strong></span> <span class='ocrx_word' id='word_1_82' title='bbox 527 1325 673 1374; x_wconf 91' lang='lat' dir='ltr'><strong>opera</strong></span> <span class='ocrx_word' id='word_1_83' title='bbox 707 1325 814 1356; x_wconf 89' lang='lat' dir='ltr'><strong>rara</strong></span> <span class='ocrx_word' id='word_1_84' title='bbox 842 1309 903 1356; x_wconf 93' lang='lat' dir='ltr'><strong>ad</strong></span> <span class='ocrx_word' id='word_1_85' title='bbox 932 1326 1070 1356; x_wconf 90' lang='lat' dir='ltr'><strong>aures</strong></span> <span class='ocrx_word' id='word_1_86' title='bbox 1097 1309 1326 1374; x_wconf 86' lang='lat' dir='ltr'><strong>principis</strong></span> <span class='ocrx_word' id='word_1_87' title='bbox 1350 1309 1521 1356; x_wconf 86' lang='lat' dir='ltr'><strong>veritas</strong></span> <span class='ocrx_word' id='word_1_88' title='bbox 1549 1326 1716 1374; x_wconf 89' lang='lat' dir='ltr'><strong>perve-</strong></span> 
     </span>
     <span class='ocr_line' id='line_1_14' title="bbox 292 1383 1715 1453; baseline 0.005 -25"><span class='ocrx_word' id='word_1_89' title='bbox 292 1383 478 1443; x_wconf 88' lang='lat' dir='ltr'><strong>niebat,</strong></span> <span class='ocrx_word' id='word_1_90' title='bbox 513 1396 558 1433; x_wconf 86' lang='lat' dir='ltr'><strong>et</strong></span> <span class='ocrx_word' id='word_1_91' title='bbox 587 1388 740 1435; x_wconf 89' lang='lat' dir='ltr'><strong>rarius</strong></span> <span class='ocrx_word' id='word_1_92' title='bbox 770 1404 857 1452; x_wconf 87' lang='lat' dir='ltr'><strong>pro</strong></span> <span class='ocrx_word' id='word_1_93' title='bbox 887 1387 1079 1453; x_wconf 91' lang='lat' dir='ltr'><strong>publica</strong></span> <span class='ocrx_word' id='word_1_94' title='bbox 1107 1387 1305 1434; x_wconf 88' lang='lat' dir='ltr'><strong>utilitate</strong></span> <span class='ocrx_word' id='word_1_95' title='bbox 1333 1387 1532 1434; x_wconf 90' lang='lat' dir='ltr'><strong>consilia</strong></span> <span class='ocrx_word' id='word_1_96' title='bbox 1559 1387 1620 1435; x_wconf 92' lang='lat' dir='ltr'><strong>ab</strong></span> <span class='ocrx_word' id='word_1_97' title='bbox 1649 1389 1715 1435; x_wconf 91' lang='lat' dir='ltr'><strong>eis</strong></span> 
     </span>
     <span class='ocr_line' id='line_1_15' title="bbox 293 1462 654 1524; baseline 0.014 -18"><span class='ocrx_word' id='word_1_98' title='bbox 293 1462 654 1524; x_wconf 85' lang='lat' dir='ltr'><strong>praestabantur.</strong></span> 
     </span>
    </p>

    <p class='ocr_par' dir='ltr' id='par_1_3' title="bbox 291 1541 1724 2929">
     <span class='ocr_line' id='line_1_16' title="bbox 359 1541 1715 1609; baseline 0.002 -22"><span class='ocrx_word' id='word_1_99' title='bbox 359 1541 452 1588; x_wconf 90' lang='lat' dir='ltr'><strong>Sed</strong></span> <span class='ocrx_word' id='word_1_100' title='bbox 481 1544 697 1607; x_wconf 88' lang='lat' dir='ltr'><strong>quamvis</strong></span> <span class='ocrx_word' id='word_1_101' title='bbox 734 1543 843 1591; x_wconf 90' lang='lat' dir='ltr'><strong>talia</strong></span> <span class='ocrx_word' id='word_1_102' title='bbox 878 1553 925 1591; x_wconf 92' lang='lat' dir='ltr'><strong>et</strong></span> <span class='ocrx_word' id='word_1_103' title='bbox 953 1543 1091 1609; x_wconf 91' lang='lat' dir='ltr'><strong>plura</strong></span> <span class='ocrx_word' id='word_1_104' title='bbox 1122 1542 1214 1590; x_wconf 89' lang='lat' dir='ltr'><strong>alia</strong></span> <span class='ocrx_word' id='word_1_105' title='bbox 1241 1552 1424 1600; x_wconf 85' lang='lat' dir='ltr'><strong>essent,</strong></span> <span class='ocrx_word' id='word_1_106' title='bbox 1456 1542 1504 1588; x_wconf 93' lang='lat' dir='ltr'><strong>in</strong></span> <span class='ocrx_word' id='word_1_107' title='bbox 1538 1542 1715 1606; x_wconf 91' lang='lat' dir='ltr'><strong>quibus</strong></span> 
     </span>
     <span class='ocr_line' id='line_1_17' title="bbox 294 1618 1715 1684; baseline 0.004 -22"><span class='ocrx_word' id='word_1_108' title='bbox 294 1633 427 1664; x_wconf 90' lang='lat' dir='ltr'><strong>more</strong></span> <span class='ocrx_word' id='word_1_109' title='bbox 459 1618 674 1667; x_wconf 90' lang='lat' dir='ltr'><strong>humano</strong></span> <span class='ocrx_word' id='word_1_110' title='bbox 704 1620 1052 1668; x_wconf 87' lang='lat' dir='ltr'><strong>rationabiliter</strong></span> <span class='ocrx_word' id='word_1_111' title='bbox 1085 1619 1235 1684; x_wconf 86' lang='lat' dir='ltr'><strong>culpae</strong></span> <span class='ocrx_word' id='word_1_112' title='bbox 1265 1619 1537 1682; x_wconf 78' lang='lat' dir='ltr'><strong>regentium</strong></span> <span class='ocrx_word' id='word_1_113' title='bbox 1571 1629 1715 1684; x_wconf 89' lang='lat' dir='ltr'><strong>atque</strong></span> 
     </span>
     <span class='ocr_line' id='line_1_18' title="bbox 292 1695 1714 1764; baseline 0.002 -24"><span class='ocrx_word' id='word_1_114' title='bbox 292 1695 587 1760; x_wconf 79' lang='lat' dir='ltr'><strong>negligentiae</strong></span> <span class='ocrx_word' id='word_1_115' title='bbox 624 1708 847 1763; x_wconf 87' lang='lat' dir='ltr'><strong>poterant</strong></span> <span class='ocrx_word' id='word_1_116' title='bbox 889 1697 1202 1764; x_wconf 89' lang='lat' dir='ltr'><strong>reprehendi,</strong></span> <span class='ocrx_word' id='word_1_117' title='bbox 1249 1706 1435 1755; x_wconf 90' lang='lat' dir='ltr'><strong>tamen,</strong></span> <span class='ocrx_word' id='word_1_118' title='bbox 1482 1697 1714 1761; x_wconf 88' lang='lat' dir='ltr'><strong>quemad-</strong></span> 
     </span>
     <span class='ocr_line' id='line_1_19' title="bbox 294 1773 1713 1841; baseline 0.002 -23"><span class='ocrx_word' id='word_1_119' title='bbox 294 1773 494 1821; x_wconf 88' lang='lat' dir='ltr'><strong>modum</strong></span> <span class='ocrx_word' id='word_1_120' title='bbox 526 1775 587 1823; x_wconf 92' lang='lat' dir='ltr'><strong>de</strong></span> <span class='ocrx_word' id='word_1_121' title='bbox 623 1779 836 1825; x_wconf 85' lang='lat' dir='ltr'><strong>Romana</strong></span> <span class='ocrx_word' id='word_1_122' title='bbox 868 1776 1111 1841; x_wconf 87' lang='lat' dir='ltr'><strong>republica</strong></span> <span class='ocrx_word' id='word_1_123' title='bbox 1140 1775 1333 1839; x_wconf 90' lang='lat' dir='ltr'><strong>Crispus</strong></span> <span class='ocrx_word' id='word_1_124' title='bbox 1363 1774 1574 1838; x_wconf 92' lang='lat' dir='ltr'><strong>quodam</strong></span> <span class='ocrx_word' id='word_1_125' title='bbox 1605 1773 1713 1821; x_wconf 93' lang='lat' dir='ltr'><strong>loco</strong></span> 
     </span>
     <span class='ocr_line' id='line_1_20' title="bbox 292 1851 1714 1918; baseline 0.001 -22"><span class='ocrx_word' id='word_1_126' title='bbox 292 1851 382 1911; x_wconf 91' lang='lat' dir='ltr'><strong>ait,</strong></span> <span class='ocrx_word' id='word_1_127' title='bbox 419 1869 530 1899; x_wconf 92' lang='lat' dir='ltr'><strong>cum</strong></span> <span class='ocrx_word' id='word_1_128' title='bbox 565 1864 678 1912; x_wconf 86' lang='lat' dir='ltr'><strong>tunc</strong></span> <span class='ocrx_word' id='word_1_129' title='bbox 712 1856 760 1901; x_wconf 93' lang='lat' dir='ltr'><strong>in</strong></span> <span class='ocrx_word' id='word_1_130' title='bbox 796 1871 943 1918; x_wconf 91' lang='lat' dir='ltr'><strong>regno</strong></span> <span class='ocrx_word' id='word_1_131' title='bbox 974 1854 1197 1901; x_wconf 89' lang='lat' dir='ltr'><strong>universo</strong></span> <span class='ocrx_word' id='word_1_132' title='bbox 1227 1852 1289 1900; x_wconf 90' lang='lat' dir='ltr'><strong>ab</strong></span> <span class='ocrx_word' id='word_1_133' title='bbox 1334 1853 1478 1899; x_wconf 88' lang='lat' dir='ltr'><strong>armis</strong></span> <span class='ocrx_word' id='word_1_134' title='bbox 1505 1852 1714 1916; x_wconf 90' lang='lat' dir='ltr'><strong>quiesce-</strong></span> 
     </span>
     <span class='ocr_line' id='line_1_21' title="bbox 294 1930 1712 1997; baseline 0.001 -23"><span class='ocrx_word' id='word_1_135' title='bbox 294 1939 441 1990; x_wconf 89' lang='lat' dir='ltr'><strong>retur‚</strong></span> <span class='ocrx_word' id='word_1_136' title='bbox 492 1951 515 1974; x_wconf 89' lang='lat'>«</span> <span class='ocrx_word' id='word_1_137' title='bbox 553 1932 819 1997; x_wconf 82' lang='lat' dir='ltr'><strong>respublica</strong></span> <span class='ocrx_word' id='word_1_138' title='bbox 861 1950 946 1980; x_wconf 91' lang='lat' dir='ltr'><strong>sua</strong></span> <span class='ocrx_word' id='word_1_139' title='bbox 985 1930 1312 1995; x_wconf 88' lang='lat' dir='ltr'><strong>magnitudine</strong></span> <span class='ocrx_word' id='word_1_140' title='bbox 1354 1930 1712 1993; x_wconf 88' lang='lat' dir='ltr'><strong>magistratuum</strong></span> 
     </span>
     <span class='ocr_line' id='line_1_22' title="bbox 294 2005 1713 2073; baseline 0.001 -22"><span class='ocrx_word' id='word_1_141' title='bbox 294 2005 404 2052; x_wconf 89' lang='lat' dir='ltr'><strong>vitia</strong></span> <span class='ocrx_word' id='word_1_142' title='bbox 424 2007 719 2068; x_wconf 85' lang='lat' dir='ltr'><strong>tolerabat»,</strong></span> <span class='ocrx_word' id='word_1_143' title='bbox 738 2009 1129 2073; x_wconf 88' lang='lat' dir='ltr'><strong>coalescebatque</strong></span> <span class='ocrx_word' id='word_1_144' title='bbox 1147 2007 1457 2073; x_wconf 89' lang='lat' dir='ltr'><strong>pedetentim,</strong></span> <span class='ocrx_word' id='word_1_145' title='bbox 1478 2015 1524 2053; x_wconf 94' lang='lat' dir='ltr'><strong>et</strong></span> <span class='ocrx_word' id='word_1_146' title='bbox 1543 2007 1591 2052; x_wconf 91' lang='lat' dir='ltr'><strong>in</strong></span> <span class='ocrx_word' id='word_1_147' title='bbox 1614 2023 1713 2053; x_wconf 90' lang='lat' dir='ltr'><strong>me-</strong></span> 
     </span>
     <span class='ocr_line' id='line_1_23' title="bbox 291 2081 1715 2150; baseline 0.001 -22"><span class='ocrx_word' id='word_1_148' title='bbox 291 2081 459 2130; x_wconf 87' lang='lat' dir='ltr'><strong>liorem</strong></span> <span class='ocrx_word' id='word_1_149' title='bbox 485 2086 744 2150; x_wconf 88' lang='lat' dir='ltr'><strong>aliquando</strong></span> <span class='ocrx_word' id='word_1_150' title='bbox 767 2096 942 2134; x_wconf 86' lang='lat' dir='ltr'><strong>statum</strong></span> <span class='ocrx_word' id='word_1_151' title='bbox 967 2103 1025 2133; x_wconf 85' lang='lat' dir='ltr'><strong>ex</strong></span> <span class='ocrx_word' id='word_1_152' title='bbox 1046 2086 1310 2132; x_wconf 88' lang='lat' dir='ltr'><strong>vastatione</strong></span> <span class='ocrx_word' id='word_1_153' title='bbox 1335 2094 1381 2131; x_wconf 92' lang='lat' dir='ltr'><strong>et</strong></span> <span class='ocrx_word' id='word_1_154' title='bbox 1404 2084 1715 2148; x_wconf 88' lang='lat' dir='ltr'><strong>populatione</strong></span> 
     </span>
     <span class='ocr_line' id='line_1_24' title="bbox 293 2162 1714 2226; baseline 0.001 -20"><span class='ocrx_word' id='word_1_155' title='bbox 293 2170 519 2220; x_wconf 87' lang='lat' dir='ltr'><strong>extrema,</strong></span> <span class='ocrx_word' id='word_1_156' title='bbox 543 2180 660 2226; x_wconf 91' lang='lat' dir='ltr'><strong>quas</strong></span> <span class='ocrx_word' id='word_1_157' title='bbox 679 2163 915 2211; x_wconf 92' lang='lat' dir='ltr'><strong>bellorum</strong></span> <span class='ocrx_word' id='word_1_158' title='bbox 940 2164 1144 2210; x_wconf 89' lang='lat' dir='ltr'><strong>feritates</strong></span> <span class='ocrx_word' id='word_1_159' title='bbox 1163 2162 1438 2222; x_wconf 86' lang='lat' dir='ltr'><strong>intulerant,</strong></span> <span class='ocrx_word' id='word_1_160' title='bbox 1458 2171 1714 2224; x_wconf 84' lang='lat' dir='ltr'><strong>utcumque</strong></span> 
     </span>
     <span class='ocr_line' id='line_1_25' title="bbox 295 2238 1716 2307; baseline -0.003 -19"><span class='ocrx_word' id='word_1_161' title='bbox 295 2242 593 2307; x_wconf 81' lang='lat' dir='ltr'><strong>resurgebat3</strong></span> <span class='ocrx_word' id='word_1_162' title='bbox 622 2254 667 2291; x_wconf 92' lang='lat' dir='ltr'><strong>et</strong></span> <span class='ocrx_word' id='word_1_163' title='bbox 688 2244 910 2292; x_wconf 87' lang='lat' dir='ltr'><strong>redibant</strong></span> <span class='ocrx_word' id='word_1_164' title='bbox 928 2243 990 2291; x_wconf 89' lang='lat' dir='ltr'><strong>ad</strong></span> <span class='ocrx_word' id='word_1_165' title='bbox 1013 2243 1247 2290; x_wconf 85' lang='lat' dir='ltr'><strong>culturam</strong></span> <span class='ocrx_word' id='word_1_166' title='bbox 1271 2242 1318 2287; x_wconf 93' lang='lat' dir='ltr'><strong>in</strong></span> <span class='ocrx_word' id='word_1_167' title='bbox 1344 2240 1580 2306; x_wconf 91' lang='lat' dir='ltr'><strong>plerisque</strong></span> <span class='ocrx_word' id='word_1_168' title='bbox 1598 2238 1716 2285; x_wconf 89' lang='lat' dir='ltr'><strong>locis</strong></span> 
     </span>
     <span class='ocr_line' id='line_1_26' title="bbox 293 2319 1715 2386; baseline -0.003 -20"><span class='ocrx_word' id='word_1_169' title='bbox 293 2322 414 2385; x_wconf 86' lang='lat' dir='ltr'><strong>agri,</strong></span> <span class='ocrx_word' id='word_1_170' title='bbox 441 2332 486 2368; x_wconf 90' lang='lat' dir='ltr'><strong>et</strong></span> <span class='ocrx_word' id='word_1_171' title='bbox 507 2321 685 2369; x_wconf 87' lang='lat' dir='ltr'><strong>fiebant</strong></span> <span class='ocrx_word' id='word_1_172' title='bbox 708 2322 900 2370; x_wconf 81' lang='lat' dir='ltr'><strong>novalia</strong></span> <span class='ocrx_word' id='word_1_173' title='bbox 923 2321 1030 2380; x_wconf 89' lang='lat' dir='ltr'><strong>ubi,</strong></span> <span class='ocrx_word' id='word_1_174' title='bbox 1049 2337 1135 2386; x_wconf 91' lang='lat' dir='ltr'><strong>per</strong></span> <span class='ocrx_word' id='word_1_175' title='bbox 1156 2336 1310 2367; x_wconf 89' lang='lat' dir='ltr'><strong>annos</strong></span> <span class='ocrx_word' id='word_1_176' title='bbox 1334 2319 1524 2382; x_wconf 85' lang='lat' dir='ltr'><strong>triginta</strong></span> <span class='ocrx_word' id='word_1_177' title='bbox 1546 2326 1594 2363; x_wconf 90' lang='lat' dir='ltr'><strong>et</strong></span> <span class='ocrx_word' id='word_1_178' title='bbox 1616 2333 1715 2362; x_wconf 92' lang='lat' dir='ltr'><strong>am-</strong></span> 
     </span>
     <span class='ocr_line' id='line_1_27' title="bbox 293 2393 1718 2463; baseline -0.004 -18"><span class='ocrx_word' id='word_1_179' title='bbox 293 2399 418 2462; x_wconf 88' lang='lat' dir='ltr'><strong>plius</strong></span> <span class='ocrx_word' id='word_1_180' title='bbox 434 2437 446 2460; x_wconf 93' lang='lat'><strong>,</strong></span> <span class='ocrx_word' id='word_1_181' title='bbox 474 2400 766 2463; x_wconf 88' lang='lat' dir='ltr'><strong>squalentes,</strong></span> <span class='ocrx_word' id='word_1_182' title='bbox 799 2399 966 2447; x_wconf 89' lang='lat' dir='ltr'><strong>inculti</strong></span> <span class='ocrx_word' id='word_1_183' title='bbox 998 2409 1045 2446; x_wconf 91' lang='lat' dir='ltr'><strong>et</strong></span> <span class='ocrx_word' id='word_1_184' title='bbox 1070 2397 1326 2446; x_wconf 89' lang='lat' dir='ltr'><strong>arboribus</strong></span> <span class='ocrx_word' id='word_1_185' title='bbox 1349 2406 1489 2460; x_wconf 89' lang='lat' dir='ltr'><strong>atque</strong></span> <span class='ocrx_word' id='word_1_186' title='bbox 1513 2393 1718 2441; x_wconf 85' lang='lat' dir='ltr'><strong>dumetis</strong></span> 
     </span>
     <span class='ocr_line' id='line_1_28' title="bbox 295 2472 1718 2542; baseline -0.004 -19"><span class='ocrx_word' id='word_1_187' title='bbox 295 2477 476 2541; x_wconf 89' lang='lat' dir='ltr'><strong>oppleti</strong></span> <span class='ocrx_word' id='word_1_188' title='bbox 502 2477 766 2540; x_wconf 88' lang='lat' dir='ltr'><strong>jacuerant.</strong></span> <span class='ocrx_word' id='word_1_189' title='bbox 809 2478 902 2524; x_wconf 94' lang='lat' dir='ltr'><strong>Sed</strong></span> <span class='ocrx_word' id='word_1_190' title='bbox 939 2476 1183 2542; x_wconf 83' lang='lat' dir='ltr'><strong>profecto,</strong></span> <span class='ocrx_word' id='word_1_191' title='bbox 1228 2476 1266 2522; x_wconf 90' lang='lat' dir='ltr'><strong>si</strong></span> <span class='ocrx_word' id='word_1_192' title='bbox 1302 2484 1583 2539; x_wconf 86' lang='lat' dir='ltr'><strong>postquam,</strong></span> <span class='ocrx_word' id='word_1_193' title='bbox 1630 2472 1718 2518; x_wconf 89' lang='lat' dir='ltr'><strong>Dei</strong></span> 
     </span>
     <span class='ocr_line' id='line_1_29' title="bbox 295 2551 1718 2620; baseline -0.004 -19"><span class='ocrx_word' id='word_1_194' title='bbox 295 2555 600 2601; x_wconf 79' lang='lat' dir='ltr'><strong>miseratione</strong></span> <span class='ocrx_word' id='word_1_195' title='bbox 622 2555 769 2620; x_wconf 91' lang='lat' dir='ltr'><strong>pulsis</strong></span> <span class='ocrx_word' id='word_1_196' title='bbox 802 2555 1048 2615; x_wconf 85' lang='lat' dir='ltr'><strong>hostibus,</strong></span> <span class='ocrx_word' id='word_1_197' title='bbox 1076 2555 1209 2617; x_wconf 87' lang='lat' dir='ltr'><strong>regio</strong></span> <span class='ocrx_word' id='word_1_198' title='bbox 1235 2561 1401 2618; x_wconf 84' lang='lat' dir='ltr'><strong>pacata</strong></span> <span class='ocrx_word' id='word_1_199' title='bbox 1425 2551 1509 2597; x_wconf 84' lang='lat' dir='ltr'><strong>fuit</strong></span> <span class='ocrx_word' id='word_1_200' title='bbox 1525 2586 1536 2608; x_wconf 93' lang='lat'><strong>,</strong></span> <span class='ocrx_word' id='word_1_201' title='bbox 1563 2566 1718 2614; x_wconf 89' lang='lat' dir='ltr'><strong>popu-</strong></span> 
     </span>
     <span class='ocr_line' id='line_1_30' title="bbox 295 2627 1720 2695; baseline -0.004 -18"><span class='ocrx_word' id='word_1_202' title='bbox 295 2632 367 2678; x_wconf 90' lang='lat' dir='ltr'><strong>lus</strong></span> <span class='ocrx_word' id='word_1_203' title='bbox 393 2649 419 2678; x_wconf 86' lang='lat' dir='ltr'><strong>a</strong></span> <span class='ocrx_word' id='word_1_204' title='bbox 446 2631 628 2678; x_wconf 90' lang='lat' dir='ltr'><strong>tributo</strong></span> <span class='ocrx_word' id='word_1_205' title='bbox 661 2643 707 2679; x_wconf 89' lang='lat' dir='ltr'><strong>et</strong></span> <span class='ocrx_word' id='word_1_206' title='bbox 743 2632 935 2691; x_wconf 86' lang='lat' dir='ltr'><strong>militia,</strong></span> <span class='ocrx_word' id='word_1_207' title='bbox 966 2649 1048 2679; x_wconf 91' lang='lat' dir='ltr'><strong>seu</strong></span> <span class='ocrx_word' id='word_1_208' title='bbox 1081 2628 1379 2695; x_wconf 87' lang='lat' dir='ltr'><strong>alter[utr]o,</strong></span> <span class='ocrx_word' id='word_1_209' title='bbox 1407 2627 1482 2673; x_wconf 90' lang='lat' dir='ltr'><strong>vel</strong></span> <span class='ocrx_word' id='word_1_210' title='bbox 1515 2627 1563 2672; x_wconf 93' lang='lat' dir='ltr'><strong>in</strong></span> <span class='ocrx_word' id='word_1_211' title='bbox 1588 2635 1720 2689; x_wconf 88' lang='lat' dir='ltr'><strong>parte</strong></span> 
     </span>
     <span class='ocr_line' id='line_1_31' title="bbox 295 2702 1721 2773; baseline -0.006 -18"><span class='ocrx_word' id='word_1_212' title='bbox 295 2709 474 2755; x_wconf 83' lang='lat' dir='ltr'><strong>levat-us</strong></span> <span class='ocrx_word' id='word_1_213' title='bbox 511 2710 696 2767; x_wconf 77' lang='lat' dir='ltr'><strong>suisset,</strong></span> <span class='ocrx_word' id='word_1_214' title='bbox 731 2709 837 2773; x_wconf 86' lang='lat' dir='ltr'><strong>plus</strong></span> <span class='ocrx_word' id='word_1_215' title='bbox 870 2710 917 2755; x_wconf 89' lang='lat' dir='ltr'><strong>in</strong></span> <span class='ocrx_word' id='word_1_216' title='bbox 950 2709 1111 2771; x_wconf 86' lang='lat' dir='ltr'><strong>viginti</strong></span> <span class='ocrx_word' id='word_1_217' title='bbox 1146 2708 1283 2755; x_wconf 89' lang='lat' dir='ltr'><strong>annis</strong></span> <span class='ocrx_word' id='word_1_218' title='bbox 1313 2722 1387 2752; x_wconf 91' lang='lat' dir='ltr'><strong>res</strong></span> <span class='ocrx_word' id='word_1_219' title='bbox 1417 2706 1559 2751; x_wconf 87' lang='lat' dir='ltr'><strong>totius</strong></span> <span class='ocrx_word' id='word_1_220' title='bbox 1588 2702 1721 2765; x_wconf 87' lang='lat' dir='ltr'><strong>regni</strong></span> 
     </span>
     <span class='ocr_line' id='line_1_32' title="bbox 297 2781 1724 2834; baseline -0.006 0"><span class='ocrx_word' id='word_1_221' title='bbox 297 2788 471 2834; x_wconf 84' lang='lat' dir='ltr'><strong>mirum</strong></span> <span class='ocrx_word' id='word_1_222' title='bbox 517 2788 565 2833; x_wconf 91' lang='lat' dir='ltr'><strong>in</strong></span> <span class='ocrx_word' id='word_1_223' title='bbox 603 2787 804 2834; x_wconf 91' lang='lat' dir='ltr'><strong>modum</strong></span> <span class='ocrx_word' id='word_1_224' title='bbox 839 2786 1005 2834; x_wconf 83' lang='lat' dir='ltr'><strong>lacerae</strong></span> <span class='ocrx_word' id='word_1_225' title='bbox 1042 2803 1097 2833; x_wconf 88' lang='lat' dir='ltr'><strong>ac</strong></span> <span class='ocrx_word' id='word_1_226' title='bbox 1133 2786 1328 2832; x_wconf 89' lang='lat' dir='ltr'><strong>desertae</strong></span> <span class='ocrx_word' id='word_1_227' title='bbox 1370 2781 1724 2829; x_wconf 89' lang='lat' dir='ltr'><strong>convaluissent</strong></span> 
     </span>
     <span class='ocr_line' id='line_1_33' title="bbox 297 2857 1724 2929; baseline -0.004 -17"><span class='ocrx_word' id='word_1_228' title='bbox 297 2875 437 2929; x_wconf 85' lang='lat' dir='ltr'><strong>atque</strong></span> <span class='ocrx_word' id='word_1_229' title='bbox 469 2866 735 2912; x_wconf 80' lang='lat' dir='ltr'><strong>instauratae</strong></span> <span class='ocrx_word' id='word_1_230' title='bbox 761 2865 982 2925; x_wconf 89' lang='lat' dir='ltr'><strong>fuissent,</strong></span> <span class='ocrx_word' id='word_1_231' title='bbox 1012 2879 1156 2927; x_wconf 91' lang='lat' dir='ltr'><strong>quam</strong></span> <span class='ocrx_word' id='word_1_232' title='bbox 1187 2863 1236 2908; x_wconf 91' lang='lat' dir='ltr'><strong>in</strong></span> <span class='ocrx_word' id='word_1_233' title='bbox 1266 2870 1460 2908; x_wconf 90' lang='lat' dir='ltr'><strong>centum</strong></span> <span class='ocrx_word' id='word_1_234' title='bbox 1489 2857 1724 2906; x_wconf 83' lang='lat' dir='ltr'><strong>convale-</strong></span> 
     </span>
    </p>
   </div>
  </div>
 </body>
</html>
