2086 3528
692 356 837 393 LIBER
865 354 1107 403 QUARTUS.
1534 353 1604 391 221

205 439 427 487 Ebro‘i'cas
452 456 500 486 se
522 437 749 498 contulit,
782 436 865 485 ubi
898 425 1061 503 pauc‘is
1085 435 1380 501 consumptis
1410 434 1577 482 diebus
1596 472 1608 496 ,

203 518 313 566 inde
329 518 391 566 ad
407 517 707 565 Locumveris
722 518 734 541 ¹
748 554 760 578 ‚
781 515 841 563 ab
861 515 978 563 urbe
994 515 1291 580 Rothomago
1305 523 1486 579 septem
1507 529 1614 578 par·

202 596 273 643 vis
299 595 446 643 leucis
480 611 578 642 non
610 595 812 660 amplius
840 603 1102 655 remotum,
1133 609 1180 640 se
1215 591 1431 640 contulit.
1464 594 1613 638 Porro

202 690 312 722 cum
331 672 427 721 illic
445 682 583 734 esset,
609 672 804 738 quidam
826 671 1043 736 Anglicus
1064 670 1224 730 mileS,
1251 669 1335 734 qui
1355 667 1546 716 Gisortii
1569 677 1616 715 et

203 750 620 817 Rupis-Gnidonis'
638 750 904 803 custodiam
919 750 979 797 ab
999 749 1259 813 Anglorum
1277 765 1385 812 rege
1399 747 1616 795 commis-

204 844 304 877 sam
327 828 552 890 habebat,
574 829 717 878 rebus
740 829 834 876 suis
858 826 1112 875 consulens
1126 863 1139 888 ,
1166 826 1398 893 promissa
1420 824 1507 873 sibi
1531 842 1616 891 per

205 924 364 971 regem
383 917 521 955 certae
534 907 808 970 quantitatis
831 906 1042 972 pecuniae
1059 922 1218 953 annua
1241 903 1489 970 pensione,
1506 920 1614 950 cum

204 984 420 1034 custodia
443 987 582 1034 castri
605 985 1015 1033 Sancti-Germani
1035 984 1096 1032 ad
1121 986 1293 1048 Layam
1316 999 1467 1048 prope
1490 980 1617 1028 Pari-

205 1062 326 1126 sios,
354 1081 442 1129 pro
476 1080 570 1111 suae
603 1079 817 1129 personae
857 1063 1023 1127 suique
1058 1071 1204 1109 status
1235 1059 1508 1120 securitate,
1535 1059 1616 1105 Gi-

206 1141 337 1188 sortii
368 1152 415 1189 et
443 1143 562 1189 arcis
596 1142 822 1207 praefatae,
853 1158 957 1205 quae
987 1140 1161 1188 dicitur
1188 1136 1614 1204 Rupes-Gnidonis‚

206 1218 500 1268 deditionem
525 1220 676 1267 fecit³.
822 1213 828 1224 ⁴

273 1298 527 1346 Restabant
545 1307 675 1345 trans
691 1297 871 1344 flumen
894 1298 1146 1360 Sequanae,
1170 1311 1331 1343 versus
1349 1293 1619 1341 inferiorem

207 1375 545 1423 Nor-manniam
559 1413 571 1435 ,
591 1384 798 1422 castrum
816 1374 1071 1422 Haricuriae
1105 1383 1151 1421 et
1177 1382 1383 1421 castrum
1402 1370 1463 1418 de
1485 1374 1621 1438 Cam-

206 1453 373 1501 bresiis
405 1463 453 1501 et
496 1452 775 1513 Oximum⁸,
807 1469 933 1518 quae,
974 1452 1090 1499 dum
1119 1468 1201 1500 rex
1234 1460 1354 1499 esset
1383 1448 1511 1515 apud
1536 1453 1623 1496 Lo·

208 1531 443 1580 cumveris
460 1569 472 1593 ,
504 1530 687 1578 levibus
718 1529 1078 1591 obsidionibus,
1105 1528 1238 1577 nullo
1267 1545 1400 1593 paene
1429 1527 1621 1591 negotio

210 1617 291 1656 aut
312 1618 438 1656 certe
473 1608 691 1664 modico,
723 1608 977 1655 constricta
995 1644 1007 1666 ,
1035 1607 1084 1654 in
1109 1605 1403 1653 deditionem
1425 1604 1617 1669 recepit.

274 1687 577 1736 Mandaverat
600 1696 760 1736 autem
781 1687 880 1752 ipse
900 1703 981 1733 rex
1003 1685 1272 1743 Francisco,
1301 1683 1412 1731 duci
1441 1682 1623 1729 Britan·

211 1767 328 1828 niae,
365 1767 448 1832 qui
483 1766 573 1814 sibi
606 1765 743 1814 valde
777 1765 1038 1813 benevolus
1085 1774 1131 1812 et
1172 1762 1625 1828 obsequentissimus

211 1841 337 1905 erat,
365 1854 599 1910 quatenus
621 1854 769 1891 terras
800 1843 1037 1891 inferioris
1067 1841 1371 1890 Non-manniae
1394 1857 1506 1888 cum
1530 1839 1626 1888 suis

212 1932 259 1970 et
295 1922 384 1980 eis,
428 1937 545 1988 quas
583 1921 674 1969 sibi
710 1921 906 1970 dederat
943 1939 1050 1982 rex,
1087 1920 1238 1987 copiis
1272 1919 1622 1985 aggrederetur.

268 2080 305 2120 1.
336 2078 538 2118 Louviers.

266 2143 306 2179 2.
335 2143 391 2179 La
406 2140 715 2191 Roche·Guy0n.

267 2204 306 2243 3.
335 2204 519 2241 L'auteur
535 2199 703 2240 confond
722 2199 772 2238 ici
791 2199 894 2238 deux
909 2197 1118 2250 capitaines
1135 2197 1282 2250 anglais
1299 2196 1367 2248 qui
1382 2197 1498 2236 firent
1514 2197 1535 2234 a
1554 2207 1629 2248 peu

214 2262 302 2315 pres
329 2262 367 2301 la
393 2262 518 2300 meme
542 2262 658 2301 chose
677 2290 688 2309 ‚
709 2260 878 2299 Richard
905 2260 954 2299 de
976 2259 1177 2311 Marbury,
1198 2259 1388 2312 capitaine
1406 2258 1454 2297 de
1474 2258 1606 2296 Gisors
1619 2285 1629 2305 ,

215 2330 253 2363 et
270 2322 372 2362 John
391 2322 541 2372 Howel,
562 2322 751 2375 capitaine
771 2322 820 2361 de
837 2325 893 2360 La
902 2321 1209 2373 Roche-Guyon.
1224 2324 1325 2359 Tous
1342 2320 1445 2359 deux
1462 2333 1503 2358 se
1522 2320 1633 2357 {irent

216 2383 333 2437 sujets
360 2383 408 2422 de
437 2382 594 2422 Charles
616 2385 685 2422 VII
707 2398 715 2421 :
743 2383 779 2421 le
806 2382 987 2435 premier,
1021 2395 1122 2434 pour
1145 2380 1277 2420 ravoir
1298 2395 1357 2420 ses
1387 2381 1536 2420 ensants
1565 2378 1631 2430 qui

216 2443 368 2482 avaient
387 2443 446 2482 etc
473 2441 558 2481 faits
582 2442 844 2495 prisonniers;
873 2442 910 2481 le
935 2441 1101 2490 second,
1136 2455 1251 2493 parce
1279 2444 1461 2493 qu’ayant
1489 2438 1633 2491 promis

217 2502 378 2541 d'abord
397 2502 445 2542 de
467 2516 507 2541 se
529 2501 669 2541 rendre
689 2502 784 2540 dans
809 2502 844 2540 le
863 2510 984 2541 terme
1002 2501 1051 2540 de
1069 2501 1208 2553 quinze
1227 2501 1358 2549 J’ours‚
1380 2500 1437 2538 s'il
1458 2512 1507 2536 ne
1526 2511 1630 2536 rece-

217 2563 297 2601 vait
317 2577 386 2616 pas
405 2563 452 2601 de
472 2563 641 2611 renfort,
672 2561 708 2601 le
733 2562 807 2601 duc
831 2561 880 2600 de
906 2563 1121 2610 Somerset,
1147 2560 1302 2599 instruit
1332 2559 1380 2597 de
1409 2566 1507 2596 cette
1538 2569 1633 2594 con·

218 2624 398 2672 vention,
430 2636 582 2674 envoya
608 2623 673 2662 des
699 2636 791 2675 gens
818 2634 918 2674 pour
943 2621 1193 2660 l‘assassiner.
1229 2619 1328 2659 C'est
1352 2620 1373 2656 a
1399 2613 1569 2655 Richard
1588 2615 1636 2653 de

218 2681 402 2733 Marbury
422 2695 498 2733 que
517 2682 574 2720 sut
589 2682 739 2721 donnee
757 2683 794 2720 la
812 2681 1060 2734 capitainerie
1073 2681 1121 2720 de
1141 2677 1448 2720 Saint-Germain
1458 2690 1507 2716 en
1518 2678 1634 2726 Laye.

220 2746 347 2794 Voyez
367 2745 405 2782 Ι.
426 2741 615 2790 Chartier,
637 2741 732 2780 dans
747 2742 960 2793 Godesroy‚
976 2756 1014 2794 p.
1039 2743 1115 2780 160
1131 2750 1169 2780 et
1187 2741 1279 2779 168.

274 2805 312 2841 4.
340 2805 414 2841 Les
435 2801 622 2840 chateaux
642 2801 690 2840 de
703 2800 896 2841 Har-court
917 2809 954 2840 et
973 2801 1020 2840 de
1036 2796 1279 2847 Chambrois‚
1297 2796 1393 2837 ainsi
1409 2807 1484 2848 que
1498 2795 1536 2834 la
1548 2793 1639 2834 ville

222 2863 415 2904 d’Exmes.
