2086 3528
508 361 584 406 με
879 354 1224 398 HISTORIARUM
1251 353 1433 394 CAROLI
1461 354 1531 391 vn

507 443 721 498 cessitate
761 450 857 488 tam
893 439 1117 491 homines
1144 454 1291 502 quam
1321 454 1490 491 eorum
1516 436 1813 499 evectiones,
1845 453 1930 493 seu

509 521 640 586 equi¹
656 555 668 579 ‚
694 516 936 567 constricti
960 520 1112 576 erant,
1141 532 1264 580 quos
1286 516 1334 564 in
1359 515 1439 568 illa
1461 514 1764 581 expeditione
1787 513 1932 578 duxe-

508 609 639 659 rant,
664 608 718 649 ut
740 594 877 652 facile
899 595 962 645 ad
984 595 1146 649 vultus
1167 593 1425 647 hominum
1447 594 1748 659 maciemque
1773 608 1933 658 aqumw

509 694 618 727 rum
635 675 847 742 ¹agnosci
883 673 1184 738 judiearique
1226 682 1449 738 possent,
1492 673 1576 738 qui
1616 676 1795 727 Isaram
1841 687 1933 739 pre

470 775 475 780 =
508 754 742 806 tutamine
773 752 1031 802 Pontisarae
1059 750 1414 811 transivissent,
1451 750 1692 815 vulgoque
1728 749 1789 800 de
1819 748 1934 816 ipsis

510 850 538 884 a
576 831 716 898 plebe
756 829 1061 880 Normanniae
1097 828 1337 879 diceretur
1372 845 1383 874 t
1428 848 1450 872 cc
1487 828 1574 881 Hic
1617 827 1708 875 fert
1746 826 1935 881 vultum

510 910 806 964 Pontisarae².
835 927 858 953 »

578 993 739 1041 Unum
762 996 921 1038 autem
949 985 1138 1035 silentio
1159 983 1497 1049 negligendum
1520 1000 1620 1037 non
1643 993 1742 1045 est,
1767 982 1901 1049 quod
1918 1021 1931 1045 ,

476 1115 480 1119 ,
510 1081 624 1117 cum
657 1080 715 1111 ex
739 1063 984 1112 Pontisara
1027 1060 1182 1113 dictus
1221 1058 1424 1111 Eboraci
1457 1058 1553 1111 dux
1584 1067 1931 1118 reverteretur,

511 1144 885 1212 prudentissime
899 1159 924 1195 a
943 1142 1118 1191 comite
1137 1139 1526 1193 Cherosberiensi
1550 1138 1936 1207 animadversum

513 1224 627 1284 fuit3
655 1222 789 1286 eujus
812 1221 1066 1274 consilium
1085 1220 1123 1269 si
1147 1221 1247 1285 ipse
1272 1219 1371 1266 dux
1387 1217 1591 1268 Eboraci
1617 1216 1933 1279 observasset,

510 1300 726 1368 profecto
740 1316 857 1353 vero
871 1299 1088 1354 similiter
1106 1297 1305 1350 Carolus
1322 1313 1402 1351 rex
1418 1297 1480 1348 ad
1497 1313 1669 1346 manus
1681 1296 1831 1362 ipsius
1848 1294 1938 1350 do-

510 1379 629 1426 mini
653 1377 713 1426 de
742 1375 933 1428 Talebot
954 1385 1037 1423 aut
1060 1391 1166 1425 suas
1189 1374 1473 1443 devenisset.
1492 1371 1681 1427 Sciebat
1701 1371 1940 1440 siquidem

509 1457 670 1523 ipsum
700 1471 862 1519 regem
893 1453 1024 1519 apud
1048 1453 1307 1501 Pissiacum
1331 1462 1446 1500 tunc
1467 1451 1646 1501 habere
1675 1450 1940 1517 hospitium

511 1551 622 1582 cum
646 1549 794 1599 parva
817 1549 1017 1580 suorum
1040 1547 1206 1583 manu.
1228 1529 1372 1581 Dedit
1396 1530 1541 1594 igitur
1555 1528 1810 1583 consilium
1827 1527 1942 1582 duci

511 1612 716 1667 Eboraci
744 1620 798 1662 ut
828 1610 891 1659 ad
918 1619 1096 1658 certam
1124 1609 1296 1659 horam
1319 1610 1551 1672 Sequanae
1575 1608 1731 1673 ripam
1763 1623 1822 1662 ex
1850 1623 1940 1672 op-

509 1690 668 1756 posito
692 1688 812 1740 villae
835 1698 882 1736 et
914 1687 1193 1740 monasterii
1224 1685 1437 1752 praedicti
1471 1685 1661 1738 Pissiaci
1689 1684 1942 1750 diligenter

511 1767 818 1827 observaret,
859 1768 961 1832 ipse
993 1783 1108 1813 vero
1146 1782 1258 1814 cum
1294 1766 1482 1813 circiter
1509 1764 1638 1819 mille
1671 1763 1939 1830 equitibus,

509 1863 622 1894 cum
643 1846 776 1900 omni
797 1845 1035 1894 celeritate
1052 1861 1107 1892 ac
1130 1844 1451 1901 festinatione,
1471 1860 1559 1910 per
1582 1842 1942 1903 Meduntam-ad

510 1923 694 1975 dictum
719 1923 980 1978 Pissiacum
1006 1922 1268 1985 trajiceret,
1299 1920 1384 1968 ubi
1418 1921 1494 1968 vel
1515 1919 1841 1986 improvidum
1871 1920 1944 1988 ip·
2025 1963 2033 1977 ,

510 2018 617 2049 sum
631 2017 793 2065 regem
806 2010 1003 2068 repente
1017 2000 1295 2064 aggrediens
1308 2000 1358 2047 in
1376 2015 1512 2049 suam
1529 1999 1766 2063 redigeret
1777 2008 1942 2066 potes-

513 2090 677 2139 tatem,
704 2079 780 2129 vel
804 2079 866 2127 ad
888 2077 1235 2133 transeundum
1255 2076 1318 2124 ad
1341 2076 1536 2128 alteram
1554 2078 1786 2142 Sequanae
1803 2092 1942 2133 oram

511 2157 714 2210 omnino
735 2166 999 2206 coarctaret
1027 2174 1037 2203 :
1067 2155 1129 2203 ad
1150 2171 1295 2220 quam
1315 2154 1352 2202 si
1374 2153 1590 2218 refugere
1606 2154 1938 2217 contenderet,

511 2235 560 2282 in
585 2251 756 2284 manus
773 2235 924 2300 ipsius
946 2234 1084 2285 ducis
1098 2233 1302 2280 Eboraci
1314 2233 1514 2281 omnino
1538 2231 1699 2292 adlabi
1721 2231 1936 2285 haberet.

510 2316 677 2379 Itaque
709 2313 1066 2376 diligentissime
1111 2311 1241 2363 idem
1293 2326 1481 2367 comes,
1521 2319 1756 2376 quatenus
1798 2310 1849 2363 in
1890 2326 1941 2358 se

513 2391 623 2451 fuit,
645 2407 748 2438 rem
773 2389 1110 2454 hujuscemodi
1132 2399 1202 2438 est
1224 2398 1490 2442 exsecutus.
1511 2391 1627 2438 Tota
1647 2389 1775 2437 enim
1798 2399 1941 2444 nocte

513 2471 733 2536 equitans
750 2506 761 2530 ,
789 2470 1024 2519 transiens
1046 2471 1317 2534 Sequanam
1338 2484 1426 2533 per
1449 2477 1649 2534 pontem
1670 2466 1936 2533 Meduptoei,

515 2566 614 2599 non
641 2548 821 2614 quievit
850 2547 1008 2597 donec
1039 2547 1244 2602 crastina
1269 2546 1372 2609 die,
1399 2546 1586 2594 circiter
1609 2546 1731 2599 hora
1757 2546 1936 2613 prima,

570 2701 585 2738 1
601 2732 608 2740 .
641 2702 717 2743 Seu
733 2702 820 2750 equi
835 2695 959 2753 parait
972 2698 1052 2736 etre
1063 2708 1139 2735 une
1156 2696 1262 2750 glose
1276 2709 1378 2750 pour
1389 2695 1594 2750 expliquer
1611 2700 1812 2735 evectiones
1822 2695 1940 2748 (leurs

515 2763 730 2811 montures)
748 2758 816 2812 qui
835 2767 893 2798 est
914 2771 968 2797 un
985 2757 1207 2811 gallicisme.

559 2823 609 2862 ’2.
641 2823 700 2859 En
722 2818 886 2871 francais
909 2833 918 2856 :
948 2835 965 2854 ιι
988 2817 1019 2856 Il
1043 2830 1066 2856 a
1081 2817 1167 2856 l’air
1188 2817 1237 2856 de
1252 2817 1365 2856 venir
1383 2816 1432 2856 de
1454 2816 1645 2858 Pontoise.
1675 2834 1692 2851 ι·
1720 2815 1859 2857 Dicton
1875 2828 1940 2856 sur

517 2879 693 2934 l'origine
713 2879 855 2932 duquel
878 2891 931 2918 on
952 2892 976 2918 a
993 2877 1196 2930 beaucoup
1214 2877 1373 2917 disserte
1398 2891 1485 2918 sans
1503 2886 1663 2917 trouver
1679 2876 1850 2919 oolla-ci.
