2086 3528
504 356 580 393 102
888 353 1231 392 HISTORIARUM
1258 353 1438 392 CAROLI
1465 354 1535 390 VII

500 437 635 497 dum,
654 436 860 484 emensis
874 452 1008 501 paene
1023 445 1133 486 octo
1146 436 1285 485 annis
1304 435 1379 483 vel
1396 452 1591 496 novem,
1609 435 1741 499 ipsos
1756 434 1919 493 secisse

500 523 699 563 constat.
724 512 816 563 Sed
849 512 1064 577 profecto
1085 513 1134 561 in
1161 512 1326 562 militia
1351 513 1557 563 Franciae
1586 511 1744 561 nullus
1776 512 1917 573 ordo,

501 591 631 641 nulla
670 590 948 655 dispositio,
978 589 1110 640 nulla
1142 590 1395 656 disciplina
1427 590 1694 639 secundum
1734 590 1920 639 instita,

501 670 655 716 tiones
689 678 737 717 et
768 678 1004 734 praecepta
1038 669 1107 716 rei
1147 668 1360 721 militaris
1397 668 1726 726 servabantur,
1765 685 1922 734 neque

499 745 589 793 sub
610 763 814 796 numero
839 755 886 793 et
908 745 1145 811 stipendio
1168 745 1372 810 regulari
1394 746 1703 804 tenebantur;
1729 745 1814 794 sed
1836 761 1923 812 per

501 824 693 886 turbas,
723 823 812 874 sub
846 824 902 874 iis
930 839 1054 887 quos
1087 823 1178 871 sibi
1206 834 1533 889 proponerent
1557 822 1729 885 duces,
1754 837 1920 889 perva·

501 911 664 964 gantes
686 917 855 950 omnes
887 918 1023 966 paene
1050 910 1208 966 partes
1238 910 1285 948 et
1317 901 1588 965 provincias
1622 901 1803 959 Galliae,
1846 916 1921 951 ra-

500 980 684 1044 pientes
707 996 1024 1044 quaecumque
1054 978 1296 1039 libuisset,
1323 988 1371 1025 et
1392 978 1524 1028 villas
1552 988 1696 1044 atque
1721 979 1916 1045 oppida,

500 1074 606 1121 quae
627 1067 796 1106 contra
818 1074 956 1108 suum
992 1058 1225 1122 impetum
1264 1074 1312 1104 se
1344 1057 1464 1107 tueri
1487 1057 1683 1107 minime
1704 1066 1917 1123 possent,

500 1135 759 1199 spoliantes
778 1152 835 1184 ae
856 1135 1150 1202 diripientes,
1170 1151 1199 1182 a
1221 1133 1356 1182 nullo
1374 1150 1424 1182 se
1446 1150 1618 1196 genere
1641 1134 1921 1198 injuriarum

500 1212 820 1261 abstinebant.
868 1217 937 1261 Ex
980 1231 1078 1279 quo
1120 1212 1326 1278 plurima
1365 1212 1556 1260 vastitas
1600 1220 1649 1260 et
1691 1211 1922 1264 desolatio

500 1291 548 1337 in
602 1306 750 1353 regno
812 1307 896 1355 per
950 1308 1119 1341 omnes
1172 1289 1318 1356 ipsius
1366 1298 1523 1354 partes
1573 1299 1918 1354 provenerunt.

501 1368 704 1415 Maxim-e
737 1378 898 1416 autem
935 1370 1151 1420 animum
1185 1365 1498 1416 intendebant
1535 1375 1682 1418 terras
1719 1372 1918 1427 vastare,

503 1461 608 1509 quae
636 1445 724 1492 sub
757 1446 1020 1511 Anglorum
1057 1446 1240 1494 ditione
1272 1445 1618 1505 consisterent3
1656 1454 1759 1495 erat
1795 1445 1924 1496 enim

502 1524 667 1571 tritum
686 1534 802 1572 tunc
828 1525 1074 1573 communi
1099 1539 1320 1573 sermone
1343 1521 1652 1588 proverbium
1675 1522 1738 1572 ad
1758 1523 1890 1588 ipsos
1906 1558 1922 1583 ,

508 1620 530 1644 α
560 1601 727 1648 melius
751 1611 925 1649 terram
959 1602 1115 1648 valere
1144 1610 1393 1660 vastatam,
1417 1616 1564 1664 quam
1592 1599 1872 1665 perditun‘,
1897 1622 1923 1648 ιι

504 1694 609 1726 eam
656 1678 950 1743 appellantes
993 1678 1231 1744 perditam
1275 1693 1422 1742 quam
1468 1676 1631 1727 hostes
1668 1677 1921 1741 tenebant,

504 1755 735 1821 quamdiu
770 1756 862 1805 sub
902 1774 1073 1804 eorum
1109 1765 1342 1821 potestate
1379 1765 1609 1806 maneret.
1641 1758 1764 1806 Cum
1806 1773 1925 1806 vero

505 1834 647 1881 etiam
681 1833 886 1897 Anglici,
910 1834 1147 1900 praecipue
1174 1843 1284 1899 post
1315 1831 1503 1879 obitum
1539 1831 1672 1881 ducis
1709 1833 1926 1884 Bethsou-

507 1911 636 1969 diae’,
664 1912 712 1959 in
747 1913 882 1960 terris
919 1928 1023 1976 quae
1047 1911 1134 1959 sibi
1158 1921 1396 1977 parerent,
1427 1928 1526 1959 non
1563 1911 1854 1963 dissimiliter
1874 1914 1924 1961 in

506 1989 706 2054 praedis,
744 1990 923 2055 rapinis
960 2000 1008 2038 et
1042 1989 1250 2038 caedibus
1282 2006 1332 2037 se
1371 1988 1633 2050 haberent,
1671 1990 1926 2056 populares

507 2084 619 2115 rura
635 2068 897 2116 incolentes
919 2068 1250 2117 miserabiliter
1268 2072 1613 2136 opprimenteS,
1640 2070 1818 2120 incolas
1839 2085 1925 2137 pne·

510 2147 607 2194 triae
630 2163 795 2195 exesos
815 2147 1091 2196 mirabiliter
1113 2147 1426 2196 reddiderunt
1447 2159 1495 2196 et
1514 2149 1790 2197 effecerunt.

565 2325 603 2364 1.
633 2326 692 2362 En
708 2324 871 2375 franeais
892 2340 900 2361 :
925 2342 941 2359 ι
968 2333 1069 2363 terre
1098 2323 1225 2377 gastee
1242 2323 1350 2362 vault
1368 2323 1513 2362 mieulx
1531 2337 1608 2376 que
1624 2323 1787 2376 perdue-
1813 2340 1832 2358 ιο

565 2387 605 2424 2.
637 2388 736 2425 Mort
749 2386 786 2425 le
800 2389 850 2425 13
862 2384 1078 2438 septembre
1094 2387 1196 2423 1435
1217 2384 1269 2423 du
1287 2384 1446 2437 chagrin
1459 2398 1535 2436 que
1554 2383 1609 2422 lui
1629 2397 1744 2423 causa
1761 2383 1798 2425 le
1815 2382 1928 2425 tuit&

513 2444 682 2485 d'Arras.
