2086 3528
502 360 552 398 92
894 357 1240 397 HISTORIARUM
1267 358 1449 397 CAROLI
1477 359 1548 397 VII

502 442 782 491 adversariis
816 441 1063 488 inferiores
1098 450 1280 501 essent,
1318 442 1400 506 qui
1430 456 1634 488 numero
1661 448 1709 487 et
1744 438 1922 489 viribus

501 538 583 568 eos
605 521 747 584 longe
770 521 910 567 nimis
932 535 1157 585 superare
1181 520 1483 568 videbantur.
1726 532 1727 535 ’

567 599 661 646 Sed
696 597 884 646 salubre
921 597 1200 662 hujusmodi
1249 598 1501 647 consilium
1547 599 1924 647 Alemannorum

501 676 810 741 praecipitatio
842 685 985 739 atque
1014 675 1335 723 inconstantia
1363 676 1585 742 amplecti
1613 693 1714 724 non
1746 676 1920 742 potuit.

501 753 736 801 Dixerunt
759 753 889 801 enim
904 753 971 800 illi
988 763 1215 801 veterano
1238 753 1376 801 valde
1398 763 1612 819 experto,
1638 754 1773 818 quasi
1794 763 1924 802 metu

502 831 669 878 anxius
703 832 804 896 ipse
838 830 1092 878 consilium
1119 830 1398 894 hujusmodi
1429 831 1659 893 dedisset,
1694 830 1852 896 quod,
1886 831 1926 878 si

501 920 720 970 paveret,
757 919 885 957 retro
924 909 1102 970 abiret;
1130 910 1221 974 ipsi
1250 909 1380 956 enim
1400 909 1563 958 hostes
1594 927 1708 958 suos
1732 909 1927 975 aggredi

504 986 703 1035 minime
729 987 1059 1035 formidarent.
1098 986 1284 1045 Quibus
1307 1003 1595 1052 responsum
1617 987 1727 1036 fecit
1748 1005 1798 1036 se
1819 984 1927 1054 ipso

503 1063 582 1112 die
619 1075 922 1113 ostensurum
957 1065 1090 1130 quod
1127 1082 1228 1112 non
1268 1075 1467 1130 propter
1502 1075 1684 1114 metum
1714 1066 1928 1114 hostium

502 1144 789 1206 consuleret,
810 1145 893 1193 sed
915 1161 1058 1192 causa
1073 1144 1277 1192 vitandae
1294 1144 1590 1201 temeritatis,
1609 1160 1721 1209 qua,
1743 1144 1794 1191 in
1813 1158 1930 1192 con-

503 1222 825 1285 gressionibus
851 1223 1055 1282 bellicis,
1091 1221 1210 1269 nihil
1243 1222 1530 1286 peniciosius
1562 1223 1863 1287 esse'potest3
1890 1222 1930 1269 si

503 1314 619 1346 vero
651 1299 828 1347 utiliter
861 1299 1158 1361 consuleret,
1197 1316 1374 1360 necne,
1410 1300 1501 1364 ipsi
1529 1315 1586 1346 ex
1615 1308 1789 1346 eventu
1816 1297 1930 1347 effe-

505 1384 680 1440 ctuque
719 1393 882 1425 rerum
925 1385 1290 1440 cognoscerent.
1338 1375 1405 1423 Ad
1441 1385 1595 1423 castra
1627 1375 1772 1438 igitur
1812 1378 1929 1422 Bur-

503 1453 807 1516 gundionum
867 1453 1188 1520 expugnanda
1248 1462 1496 1500 moventes
1532 1452 1790 1499 exercitum
1837 1454 1931 1499 Lo—

502 1531 711 1595 tharingi
756 1543 803 1580 et
851 1533 1129 1592 Alemanni,
1174 1548 1286 1579 cum
1327 1531 1423 1578 suis
1466 1530 1647 1578 balistis
1681 1529 1840 1594 jacula
1884 1539 1933 1578 et

503 1609 697 1658 missilia
730 1613 779 1658 in
807 1611 970 1660 hostes
991 1607 1263 1675 jaciebant3
1301 1627 1327 1657 e
1357 1619 1526 1658 contra
1555 1626 1671 1658 vero
1711 1626 1738 1658 e
1768 1610 1932 1659 castris

503 1688 902 1751 Burgundionum
925 1689 1175 1754 sagittarii,
1208 1689 1292 1753 qui
1312 1688 1405 1735 illic
1428 1697 1563 1735 erant
1585 1688 1768 1754 pedites
1796 1689 1932 1737 circi-¹

504 1775 576 1814 ter
607 1768 866 1831 octingenti
900 1778 983 1816 aut
1023 1767 1178 1829 mille,
1215 1777 1314 1814 tam
1343 1783 1400 1814 ex
1436 1766 1651 1814 Picardia
1681 1783 1840 1831 *quam
1873 1784 1932 1815 ex

504 1846 685 1910 Anglia,
712 1847 907 1894 viriliter
924 1856 971 1894 et
988 1846 1171 1893 fortiter
1194 1846 1384 1909 sagittas
1404 1845 1638 1905 emittere,
1663 1861 1814 1910 equos
1831 1847 1934 1912 qui·

502 1922 593 1970 bus
629 1922 876 1971 Alemanni
899 1934 945 1970 et
969 1922 1246 1987 Lotharingi
1274 1921 1618 1987 adequitabant
1634 1957 1648 1980 ,
1675 1939 1787 1970 cum
1818 1922 1932 1989 ipsis

503 2000 792 2063 sessoribus,
819 2001 1039 2049 occidere
1061 2001 1137 2049 vel
1152 2000 1420 2061 vulnerare,
1446 2000 1750 2064 retrogrados
1771 2016 1929 2064 agere,

506 2089 552 2126 et
581 2095 639 2126 ex
667 2080 771 2144 ipso
804 2079 1057 2127 vulnerum
1087 2078 1256 2126 dolore
1285 2077 1495 2125 calcibus
1524 2094 1624 2125 sese
1655 2087 1825 2125 mutuo
1847 2094 1931 2144 pe-

506 2166 624 2219 tere,
645 2173 850 2204 sessores
872 2157 1076 2221 dejicere
1090 2193 1102 2217 ,
1130 2157 1252 2204 acies
1271 2155 1552 2221 perturbare
1574 2165 1717 2220 atque
1736 2156 1934 2204 confun—

505 2234 635 2282 dere.
685 2238 842 2293 Quam
878 2234 1289 2301 perturbationem
1329 2244 1472 2298 atque
1514 2233 1932 2282 deordinationem

505 2329 616 2360 cum
640 2314 730 2378 ipsi
756 2314 1121 2378 Burgundiones
1142 2312 1461 2378 perviderent,
1487 2313 1645 2360 statim
1668 2312 1934 2360 exsilientes

506 2390 568 2438 de
602 2392 764 2440 castris
790 2402 837 2440 et
868 2409 979 2439 cum
1011 2392 1191 2456 impetu
1223 2407 1398 2455 magno
1430 2391 1666 2439 irruentes
1695 2391 1743 2438 in
1772 2391 1933 2440 hostes

502 2468 601 2531 jam
623 2486 757 2534 paene
772 2486 828 2517 ex
848 2486 931 2517 sua
949 2470 1211 2516 temeritate
1231 2469 1461 2528 devictos,
1484 2469 1718 2534 plurimos
1742 2485 1799 2516 ex
1819 2469 1934 2534 ipsis

507 2559 831 2614 peremerunt,
858 2549 961 2596 aliis
986 2548 1127 2596 celeri
1148 2548 1273 2611 fuga,
1301 2547 1473 2612 quibus
1497 2547 1546 2595 id
1567 2548 1725 2608 licuit,
1756 2564 1806 2596 se
1828 2557 1933 2614 tan·

507 2626 566 2673 tis
589 2626 811 2691 periculis
832 2625 1250 2674 subducentibus¹.

575 2707 703 2760 Caesa
718 2715 829 2753 sunt
853 2705 921 2753 ibi
944 2743 955 2764 ,
983 2714 1035 2753 ut
1059 2704 1314 2767 serebatur,
1338 2715 1451 2754 octo
1474 2705 1623 2754 millia
1645 2715 1746 2754 tam
1767 2721 1822 2754 ex
1848 2707 1935 2752 Lo-

568 2871 606 2908 1.
643 2868 802 2908 Bataille
820 2869 870 2909 de
887 2868 1130 2923 Bulgneville
1143 2882 1193 2910 en
1215 2868 1415 2917 Lormine,
1434 2868 1470 2908 le
1488 2871 1511 2909 4
1527 2867 1655 2917 juillet
1673 2869 1793 2910 1431.
