2086 3528
715 383 861 420 LIBER
898 383 1130 431 QUINTUS.
1383 363 1386 366 ’
1555 390 1632 427 289

211 475 515 532 compertum
536 464 772 525 habebat,
812 464 992 531 duplici
1017 467 1431 532 angebatur‘metu
1446 506 1459 532 ,
1481 472 1638 520 existi-

213 560 349 591 mans
368 542 501 608 quod
517 544 662 590 etiam
686 543 910 590 eumdem
933 545 982 591 in
1002 545 1227 614 injuriam
1251 564 1387 595 suam
1404 549 1504 614 ipse
1521 552 1638 597 Bur-

213 621 516 686 gundionum
555 620 651 667 dux
690 621 859 668 callide
899 623 1178 671 attraxisset.
1213 626 1639 683 Quemadmodum

214 699 345 746 enim
373 699 421 745 in
449 697 773 763 superioribus
806 699 1069 762 tetigimus,
1097 701 1183 747 etsi
1214 702 1264 748 in
1292 702 1515 751 Atrebato
1539 704 1640 767 jam

216 777 333 824 olim
350 777 474 824 inter
499 776 722 824 Carolum
750 794 911 842 regem
936 788 983 826 et
998 779 1222 827 eumdem
1243 782 1642 845 Burgundionum

215 854 388 902 ducem
409 871 502 919 pax
526 854 687 902 fuisset
713 854 915 903 solidata
938 865 985 902 et
1005 855 1186 919 jurata,
1213 874 1461 923 nunquam
1482 870 1641 908 tamen

215 941 471 998 propterea
508 932 769 980 concordia
804 949 890 980 seu
919 949 1032 980 vera
1058 933 1260 982 charitas
1288 936 1415 984 inter
1447 938 1642 985 eosdem

217 1009 360 1057 fuisse
387 1020 646 1076 conspecta
680 1020 775 1072 est,
807 1010 916 1058 licet
947 1027 1069 1075 saepe
1105 1012 1207 1076 ipse
1242 1015 1644 1078 Burgundionum

217 1087 314 1135 dux
339 1103 446 1135 eam
468 1105 517 1136 se
541 1088 746 1136 maxime
769 1097 962 1153 captare
985 1088 1261 1137 ostenderit.

690 1275 1031 1321 CAPITULUM
1063 1277 1187 1324 XIV.

216 1401 378 1448 Qualiter
386 1401 589 1450 Philippus,
606 1400 680 1436 dux
696 1399 925 1448 Burgundiae,
942 1400 1133 1436 amicitiam
1145 1402 1264 1436 Caroli
1277 1403 1368 1450 regis
1381 1415 1418 1438 se
1434 1403 1649 1440 desiderasse

493 1460 691 1496 ostenderit
702 1488 713 1505 ‚
731 1469 836 1508 atque
851 1460 896 1495 de
912 1473 954 1495 eo
971 1473 1006 1495 se
1022 1460 1156 1508 optime
1173 1461 1369 1498 confidere.

284 1574 430 1633 Quod
453 1583 713 1639 utcumque
741 1584 789 1621 et
823 1590 922 1621 non
960 1574 1053 1621 levi
1089 1573 1337 1622 dumtaxat
1372 1577 1648 1640 conjectura

219 1651 567 1719 approbemus,
607 1651 868 1700 referemus
891 1668 1054 1699 casum
1078 1669 1231 1698 unum
1256 1669 1311 1699 ex
1338 1670 1434 1717 quo
1462 1655 1649 1702 unicui-

221 1732 315 1795 que
331 1729 467 1777 facile
483 1739 702 1777 constare
721 1729 870 1795 possit
889 1729 1048 1794 ipsum
1067 1728 1342 1794 Philippum
1363 1731 1486 1794 regis
1507 1731 1652 1780 bene-

219 1807 483 1856 volentiam
505 1807 798 1867 desiderasse
814 1844 825 1865 ,
850 1806 1080 1871 quodque
1102 1806 1162 1854 de
1186 1823 1244 1854 eo
1263 1807 1446 1855 nullam
1467 1821 1652 1873 gereret

221 1886 563 1947 diffidentiam,
593 1886 678 1934 sed
700 1886 840 1952 plene
870 1885 1003 1950 quod
1033 1885 1135 1949 ejus
1159 1885 1307 1933 fidem
1331 1888 1466 1953 sequi
1488 1888 1647 1947 vellet,

221 1964 472 2013 indicasse.

288 2047 438 2109 Capta
469 2042 585 2101 fuit,
622 2041 748 2107 proh
785 2040 955 2089 dolor!
986 2041 1047 2089 ab
1076 2042 1366 2108 imperatore
1389 2047 1652 2092 Turcarum

223 2121 303 2169 illa
318 2121 500 2168 famosa
517 2119 631 2166 urbs
655 2119 1120 2185 Constantinopolis,
1142 2121 1384 2169 orientalis
1405 2123 1653 2185 quondam

223 2200 412 2264 imperii
441 2199 579 2246 sedes
612 2207 659 2245 et
681 2208 855 2263 caput,
882 2199 1010 2245 circa
1033 2215 1216 2246 annum
1246 2217 1498 2248 moneor-111.
1515 2203 1545 2260 ¹,
1571 2201 1652 2247 diu

224 2287 485 2342 antequam
536 2275 633 2322 ulla
677 2276 958 2341 apparentia
1003 2286 1089 2324 aut
1141 2277 1349 2342 suspicio
1397 2277 1656 2325 haberetur

225 2355 358 2420 quod
382 2354 604 2420 praefatus
638 2353 908 2419 Delphinus
930 2353 1128 2401 deberet
1163 2354 1224 2401 ad
1255 2355 1654 2420 Burgundionum
1680 2396 1683 2398 ,

225 2432 399 2480 ducem
422 2430 705 2495 confugere,
732 2442 811 2478 aut
835 2431 1062 2495 genitoris
1085 2433 1157 2478 sui
1176 2432 1557 2496 indignationem
1581 2433 1653 2479 in-

225 2527 434 2558 currere.
457 2511 616 2567 Quam
635 2509 991 2557 christianitatis
1015 2509 1333 2557 calamitatem
1360 2527 1471 2557 cum
1499 2510 1656 2557 dictus

227 2589 324 2636 dux
362 2586 762 2651 Burgundionum
792 2588 945 2635 'anxio
994 2598 1261 2651 moestoque
1306 2587 1466 2634 animo
1517 2587 1656 2634 valde

227 2664 541 2732 percepisset,
569 2664 672 2711 zelo
703 2664 969 2712 christianae
999 2665 1112 2712 fidei
1143 2675 1190 2712 et
1222 2664 1394 2711 divinae
1418 2663 1658 2727 religionis

228 2754 499 2809 permotus,
520 2752 689 2790 votum
711 2742 823 2789 fecit
845 2753 893 2790 et
915 2743 1069 2806 emisit
1088 2743 1136 2790 in
1159 2742 1379 2808 propria,
1406 2758 1518 2789 cum
1547 2742 1658 2789 totis

286 2885 323 2920 1.
355 2885 408 2921 Le
427 2884 478 2920 ζ29
499 2881 576 2920 mai
597 2884 713 2920 1453.

340 2967 354 2990 1
1450 2951 1499 2988 19
