2086 3528
455 381 531 423 302
843 377 1186 420 HISTORIARUM
1207 374 1387 413 CAROLI
1414 375 1483 410 V11

454 462 545 509 bus
564 462 660 509 suis
673 497 685 520 ‚
708 477 737 507 a
757 470 891 526 patre
904 496 917 521 ,
937 459 1055 509 dum
1077 457 1236 507 adhuc
1256 457 1462 516 viveret,
1485 455 1545 503 ad
1569 465 1717 503 terras
1734 454 1867 504 Flan-

455 541 566 588 driae
585 578 595 599 ‚
622 548 818 605 propter
836 537 1066 602 ancipites
1092 535 1363 599 dubiosque
1386 535 1625 584 bellorum
1644 543 1864 592 evemus,
1883 570 1886 573 -

456 617 756 666 transmissus
789 615 1010 674 alendus,
1042 624 1090 662 et
1120 630 1147 660 a
1182 612 1576 678 Burgundionum
1607 612 1729 661 duoe
1755 627 1887 663 eume

454 697 642 743 honore
663 704 887 759 exceptus
904 693 1198 757 fideliterque
1220 701 1448 751 servatus,
1466 692 1761 757 priusquam,
1783 705 1868 756 pa·

455 785 526 822 tre
550 783 760 833 mortuo,
797 789 882 837 per
906 772 1131 819 comitem
1154 771 1214 817 de
1239 775 1309 818 W
1306 770 1465 818 arvz'clz
1483 770 1792 826 accersiretur
1807 765 1872 815 ad
1889 796 1905 814 .

457 869 654 916 regnum
683 870 692 897 :
721 850 805 899 ubi
836 867 946 897 cum
981 849 1172 914 praefato
1197 849 1339 895 etiam
1371 847 1612 913 Delphino
1642 847 1894 914 amicitias·

455 930 719 995 copularat.
747 928 874 987 Quin
906 927 1048 974 etiam
1065 962 1078 987 ‚
1105 935 1417 992 posteaquam
1437 924 1566 976 idem
1591 924 1866 982 Edem-dus„

455 1009 594 1075 pulso
613 1007 846 1067 Hem-ico,
870 1007 918 1065 in
939 1004 1200 1069 Anglorum
1222 1020 1378 1068 regem
1391 1004 1570 1062 exstitit
1592 1002 1872 1055 sublimatus

455 1084 916 1151 quodammodoque
951 1083 1209 1144 stabilitus,
1237 1099 1348 1131 cum
1385 1081 1560 1129 eodem
1595 1081 1725 1138 idem
1759 1081 1872 1128 net-

457 1164 634 1229 phinus
664 1179 763 1210 non
788 1162 936 1208 modo
964 1161 1221 1222 amicitias,
1255 1160 1340 1208 sed
1368 1168 1496 1208 arcta
1529 1159 1671 1207 etiam
1696 1157 1872 1208 findam

456 1243 629 1289 dicitur
666 1241 850 1299 iniisse,
879 1257 979 1287 non
1006 1240 1192 1288 nescius
1217 1239 1440 1287 Carolum
1460 1277 1472 1297 ,
1497 1247 1682 1304 patrem
1704 1238 1878 1294 suanir
1950 1269 1955 1278 ι

457 1337 569 1367 eum
591 1319 722 1367 velut
743 1319 933 1366 hostem
955 1327 1256 1383 reputantem
1274 1354 1286 1376 ‚
1306 1317 1367 1364 ad
1390 1315 1737 1364 restituendum
1752 1317 1877 1362 Hen-

456 1398 609 1445 ricum
633 1396 803 1460 magna
826 1412 940 1443 cura
969 1405 1015 1442 et
1039 1396 1197 1443 studio
1220 1394 1486 1443 intendere.
1516 1396 1575 1440 Et
1597 1409 1653 1440 ea
1675 1391 1873 1458 q'uidem

457 1475 661 1522 amicitia
682 1512 694 1535 ‚
722 1473 884 1538 quoad
913 1472 1109 1520 Carolus
1127 1509 1139 1532 ‚
1166 1490 1279 1522 suus
1300 1482 1454 1538 pater,
1488 1480 1727 1536 superstes
1755 1470 1872 1532 suit,

457 1552 653 1600 durasse
676 1552 849 1617 potuit.
892 1551 1095 1609 Qualem
1133 1568 1248 1598 vero
1266 1586 1277 1607 ‚
1320 1560 1455 1616 patre
1486 1550 1632 1597 rebus
1653 1549 1877 1610 humanis

458 1639 681 1694 exempto
701 1666 713 1689 ,
754 1628 1040 1676 soliditatem
1080 1630 1357 1688 servaverit,
1384 1628 1494 1676 loeo
1526 1615 1878 1694 &testinans

459 1707 742 1770 donaverit>
770 1708 816 1754 in
842 1706 1148 1770 sequentibus
1173 1707 1449 1755 referemus.
1585 1721 1593 1728 ·
1726 1703 1729 1705 ’
1752 1694 1783 1707 ⁷⁴

524 1789 725 1844 Quantae
750 1794 908 1842 autem
930 1784 1187 1832 hominum
1221 1794 1400 1849 strages
1425 1783 1701 1849 caedesque,
1734 1781 1889 1850 pulso-

460 1865 706 1928 ejectoque
744 1864 951 1910 Henrico
969 1900 981 1923 ‚
1011 1872 1132 1927 quot
1164 1863 1342 1927 rapinae
1375 1862 1765 1929 direptionesque
1785 1860 1895 1920 W

461 1959 637 1991 norum
672 1952 719 1989 et
752 1941 1013 1988 domorum
1041 1939 1352 2005 expilationes
1390 1940 1564 2006 passim
1592 1956 1678 2006 per
1710 1955 1891 1989 omnes*

461 2020 595 2084 regni
627 2020 801 2083 Angliae
834 2019 1064 2068 terminos
1090 2018 1223 2066 sactae
1255 2018 1458 2074 fuerint,
1482 2034 1664 2066 eorum·
1687 2002 1894 2084 potfflffi
1935 2033 1945 2043 “

461 2113 594 2151 mum
618 2096 702 2160 qui
727 2096 934 2161 partium
957 2111 1151 2142 suarum
1183 2094 1383 2142 studiosi
1407 2095 1548 2141 fuisse
1573 2091 1888 2156 11me
1906 2150 1922 2158 η
1991 2143 1993 2145 ,

460 2176 538 2221 vix
557 2174 651 2221 ulla
668 2173 941 2220 narratione
957 2189 1041 2219 seu
1060 2173 1329 2220 elocutione
1345 2173 1519 2237 aequari
1537 2160 1889 2238 possets-Tanh·

463 2252 592 2299 enim
609 2250 833 2299 saeviendi
853 2250 1044 2298 lieentia
1066 2259 1168 2303 toto
1193 2266 1343 2314 regno
1359 2250 1586 2316 permissa
1605 2239 1909 2309 videbatur-,g
1989 2257 1991 2261 ⁴
2033 2259 2038 2264 '

464 2340 515 2377 ut
539 2345 775 2392 nusquam
800 2345 932 2393 paene
956 2328 1149 2392 aliquis,
1177 2344 1452 2392 quanquam
1470 2328 1660 2388 insonS‚
1687 2336 1894 2394 pram-r:
1920 2384 1925 2389 Ἴ

466 2408 550 2456 tim
591 2408 629 2453 si
662 2406 904 2454 facultates
936 2406 1118 2470 aliquas
1157 2405 1334 2453 habere
1371 2414 1635 2470 putaretur,
1675 2396 1912 2454 int-actim*
1938 2419 1942 2430 ²
1968 2397 1981 2407 ”
2046 2396 2053 2405 ’

465 2495 694 2532 maneret.
721 2483 857 2537 Unde
881 2493 928 2531 et
950 2484 1159 2548 plurimi,
1187 2483 1381 2531 feralem
1404 2483 1531 2531 illam
1555 2483 1736 2532 rabiem
1762 2462 1882 2532 effl-

466 2580 575 2628 gere
611 2580 709 2610 non
741 2562 855 2609 alias
880 2578 1019 2626 posse
1051 2578 1195 2626 quam
1228 2578 1314 2626 per
1342 2562 1502 2626 fugam
1533 2563 1877 2622 existimantes,

465 2642 525 2688 ad
549 2642 724 2688 alienas
751 2651 898 2687 terras
920 2656 1020 2687 sese
1053 2639 1418 2698 transtulerunt,
1443 2657 1494 2689 se
1526 2639 1708 2688 felicius
1729 2638 1883 2689 multo

467 2719 665 2767 ubilibet
694 2718 906 2773 exsulare
939 2726 1238 2783 reputanteS,
1264 2734 1437 2782 quam,
1465 2720 1514 2766 in
1543 2719 1754 2786 propriis
1771 2710 1883 2768 idi·-

467 2798 582 2859 buS‚
608 2798 750 2845 tantis
772 2813 821 2845 se
847 2795 1088 2860 objectare
1115 2812 1199 2845 seu
1222 2796 1496 2861 permittere
1522 2796 1782 2846 furoribus.
1854 2827 1858 2832 Δ
