<?xml version="1.0" encoding="UTF-8"?>
<!DOCTYPE html PUBLIC "-//W3C//DTD XHTML 1.0 Transitional//EN"
    "http://www.w3.org/TR/xhtml1/DTD/xhtml1-transitional.dtd">
<html xmlns="http://www.w3.org/1999/xhtml" xml:lang="en" lang="en">
 <head>
  <title>
</title>
<meta http-equiv="Content-Type" content="text/html;charset=utf-8" />
  <meta name='ocr-system' content='tesseract 3.04.00' />
  <meta name='ocr-capabilities' content='ocr_page ocr_carea ocr_par ocr_line ocrx_word'/>
</head>
<body>
  <div class='ocr_page' id='page_1' title='image "./histoiredesrgn01basiuoft_0283.png"; bbox 0 0 2086 3528; ppageno 0'>
   <div class='ocr_carea' id='block_1_1' title="bbox 687 383 1590 424">
    <p class='ocr_par' dir='ltr' id='par_1_1' title="bbox 687 383 1590 424">
     <span class='ocr_line' id='line_1_1' title="bbox 687 383 1590 424; baseline 0.003 -4"><span class='ocrx_word' id='word_1_1' title='bbox 687 383 834 420; x_wconf 84' lang='lat' dir='ltr'>LIBER</span> <span class='ocrx_word' id='word_1_2' title='bbox 859 384 1080 423; x_wconf 88' lang='lat' dir='ltr'><strong>TERTIUS.</strong></span> <span class='ocrx_word' id='word_1_3' title='bbox 1515 387 1590 424; x_wconf 81' lang='lat'><strong>109</strong></span> 
     </span>
    </p>
   </div>
   <div class='ocr_carea' id='block_1_2' title="bbox 654 565 1113 614">
    <p class='ocr_par' dir='ltr' id='par_1_2' title="bbox 654 565 1113 614">
     <span class='ocr_line' id='line_1_2' title="bbox 654 565 1113 614; baseline 0.007 -3"><span class='ocrx_word' id='word_1_4' title='bbox 654 565 998 614; x_wconf 83' lang='lat' dir='ltr'><strong>CAPITULUM</strong></span> <span class='ocrx_word' id='word_1_5' title='bbox 1034 568 1113 613; x_wconf 87' lang='lat' dir='ltr'><strong>IV.</strong></span> 
     </span>
    </p>
   </div>
   <div class='ocr_carea' id='block_1_3' title="bbox 173 692 1592 805">
    <p class='ocr_par' dir='ltr' id='par_1_3' title="bbox 173 692 1592 805">
     <span class='ocr_line' id='line_1_3' title="bbox 173 692 1592 740; baseline 0.001 -9"><span class='ocrx_word' id='word_1_6' title='bbox 173 695 226 731; x_wconf 77' lang='lat' dir='ltr'><strong>De</strong></span> <span class='ocrx_word' id='word_1_7' title='bbox 255 693 341 730; x_wconf 80' lang='lat' dir='ltr'><strong>odio</strong></span> <span class='ocrx_word' id='word_1_8' title='bbox 374 693 569 740; x_wconf 77' lang='lat' dir='ltr'><strong>Anglorum</strong></span> <span class='ocrx_word' id='word_1_9' title='bbox 597 700 632 726; x_wconf 87' lang='lat' dir='ltr'><strong>et</strong></span> <span class='ocrx_word' id='word_1_10' title='bbox 662 692 855 740; x_wconf 82' lang='lat' dir='ltr'><strong>praesertim</strong></span> <span class='ocrx_word' id='word_1_11' title='bbox 882 693 1020 728; x_wconf 80' lang='lat' dir='ltr'><strong>comitis</strong></span> <span class='ocrx_word' id='word_1_12' title='bbox 1053 692 1237 729; x_wconf 78' lang='lat' dir='ltr'><strong>Arundelli</strong></span> <span class='ocrx_word' id='word_1_13' title='bbox 1274 694 1321 730; x_wconf 81' lang='lat' dir='ltr'><strong>ad</strong></span> <span class='ocrx_word' id='word_1_14' title='bbox 1359 695 1592 733; x_wconf 70' lang='lat' dir='ltr'><strong>caletensium</strong></span> 
     </span>
     <span class='ocr_line' id='line_1_4' title="bbox 218 751 1543 805; baseline 0.003 -15"><span class='ocrx_word' id='word_1_15' title='bbox 218 754 386 805; x_wconf 81' lang='lat' dir='ltr'><strong>populos,</strong></span> <span class='ocrx_word' id='word_1_16' title='bbox 404 761 439 789; x_wconf 87' lang='lat' dir='ltr'><strong>et</strong></span> <span class='ocrx_word' id='word_1_17' title='bbox 452 752 602 800; x_wconf 81' lang='lat' dir='ltr'><strong>qualiter</strong></span> <span class='ocrx_word' id='word_1_18' title='bbox 617 751 713 788; x_wconf 90' lang='lat' dir='ltr'><strong>idem</strong></span> <span class='ocrx_word' id='word_1_19' title='bbox 728 766 847 789; x_wconf 89' lang='lat' dir='ltr'><strong>comes</strong></span> <span class='ocrx_word' id='word_1_20' title='bbox 862 766 883 789; x_wconf 91' lang='lat' dir='ltr'><strong>a</strong></span> <span class='ocrx_word' id='word_1_21' title='bbox 898 754 1044 789; x_wconf 73' lang='lat' dir='ltr'><strong>Francis</strong></span> <span class='ocrx_word' id='word_1_22' title='bbox 1060 763 1182 802; x_wconf 82' lang='lat' dir='ltr'><strong>captus</strong></span> <span class='ocrx_word' id='word_1_23' title='bbox 1198 757 1307 804; x_wconf 87' lang='lat' dir='ltr'><strong>paulo</strong></span> <span class='ocrx_word' id='word_1_24' title='bbox 1323 766 1404 804; x_wconf 78' lang='lat' dir='ltr'><strong>post</strong></span> <span class='ocrx_word' id='word_1_25' title='bbox 1419 758 1543 795; x_wconf 81' lang='lat' dir='ltr'><strong>obivit.</strong></span> 
     </span>
    </p>
   </div>
   <div class='ocr_carea' id='block_1_4' title="bbox 169 870 1594 1638">
    <p class='ocr_par' dir='ltr' id='par_1_4' title="bbox 169 870 1594 1638">
     <span class='ocr_line' id='line_1_5' title="bbox 238 870 1593 938; baseline 0.002 -18"><span class='ocrx_word' id='word_1_26' title='bbox 238 870 377 920; x_wconf 87' lang='lat' dir='ltr'>Unde</span> <span class='ocrx_word' id='word_1_27' title='bbox 399 881 511 937; x_wconf 89' lang='lat' dir='ltr'><strong>post</strong></span> <span class='ocrx_word' id='word_1_28' title='bbox 534 871 767 919; x_wconf 86' lang='lat' dir='ltr'><strong>coercitos</strong></span> <span class='ocrx_word' id='word_1_29' title='bbox 784 871 992 938; x_wconf 90' lang='lat' dir='ltr'><strong>populos</strong></span> <span class='ocrx_word' id='word_1_30' title='bbox 1023 872 1260 920; x_wconf 88' lang='lat' dir='ltr'><strong>inferioris</strong></span> <span class='ocrx_word' id='word_1_31' title='bbox 1289 876 1593 924; x_wconf 83' lang='lat' dir='ltr'><strong>Normanniae</strong></span> 
     </span>
     <span class='ocr_line' id='line_1_6' title="bbox 173 947 1591 1014; baseline -0.001 -14"><span class='ocrx_word' id='word_1_32' title='bbox 173 960 219 1010; x_wconf 84' lang='lat' dir='ltr'><strong>et</strong></span> <span class='ocrx_word' id='word_1_33' title='bbox 242 948 375 998; x_wconf 87' lang='lat' dir='ltr'><strong>totali</strong></span> <span class='ocrx_word' id='word_1_34' title='bbox 396 947 615 996; x_wconf 88' lang='lat' dir='ltr'><strong>addictos</strong></span> <span class='ocrx_word' id='word_1_35' title='bbox 639 950 873 1009; x_wconf 88' lang='lat' dir='ltr'><strong>servituti,</strong></span> <span class='ocrx_word' id='word_1_36' title='bbox 906 966 1028 1014; x_wconf 89' lang='lat' dir='ltr'><strong>quos</strong></span> <span class='ocrx_word' id='word_1_37' title='bbox 1057 950 1119 997; x_wconf 91' lang='lat' dir='ltr'><strong>ad</strong></span> <span class='ocrx_word' id='word_1_38' title='bbox 1145 950 1309 998; x_wconf 88' lang='lat' dir='ltr'><strong>turbas</strong></span> <span class='ocrx_word' id='word_1_39' title='bbox 1333 961 1380 999; x_wconf 92' lang='lat' dir='ltr'><strong>et</strong></span> <span class='ocrx_word' id='word_1_40' title='bbox 1400 953 1591 999; x_wconf 87' lang='lat' dir='ltr'><strong>seditio-</strong></span> 
     </span>
     <span class='ocr_line' id='line_1_7' title="bbox 171 1025 1592 1093; baseline 0.001 -17"><span class='ocrx_word' id='word_1_41' title='bbox 171 1043 274 1088; x_wconf 85' lang='lat' dir='ltr'>nes,</span> <span class='ocrx_word' id='word_1_42' title='bbox 292 1025 352 1074; x_wconf 92' lang='lat' dir='ltr'><strong>de</strong></span> <span class='ocrx_word' id='word_1_43' title='bbox 367 1026 539 1090; x_wconf 90' lang='lat' dir='ltr'><strong>quibus</strong></span> <span class='ocrx_word' id='word_1_44' title='bbox 553 1027 817 1089; x_wconf 85' lang='lat' dir='ltr'><strong>retulimus,</strong></span> <span class='ocrx_word' id='word_1_45' title='bbox 836 1027 1129 1075; x_wconf 88' lang='lat' dir='ltr'><strong>suscitandas</strong></span> <span class='ocrx_word' id='word_1_46' title='bbox 1149 1028 1246 1075; x_wconf 91' lang='lat' dir='ltr'><strong>suis</strong></span> <span class='ocrx_word' id='word_1_47' title='bbox 1264 1029 1592 1093; x_wconf 88' lang='lat' dir='ltr'><strong>iniquitatibus</strong></span> 
     </span>
     <span class='ocr_line' id='line_1_8' title="bbox 171 1103 1587 1170; baseline 0 -18"><span class='ocrx_word' id='word_1_48' title='bbox 171 1113 315 1170; x_wconf 86' lang='lat' dir='ltr'><strong>atque</strong></span> <span class='ocrx_word' id='word_1_49' title='bbox 338 1103 462 1152; x_wconf 92' lang='lat' dir='ltr'><strong>dolis</strong></span> <span class='ocrx_word' id='word_1_50' title='bbox 498 1105 795 1152; x_wconf 86' lang='lat' dir='ltr'><strong>concitarant</strong></span> <span class='ocrx_word' id='word_1_51' title='bbox 829 1114 875 1151; x_wconf 84' lang='lat' dir='ltr'><strong>et</strong></span> <span class='ocrx_word' id='word_1_52' title='bbox 909 1104 1273 1168; x_wconf 89' lang='lat' dir='ltr'><strong>quodammodo</strong></span> <span class='ocrx_word' id='word_1_53' title='bbox 1308 1116 1587 1170; x_wconf 86' lang='lat' dir='ltr'>coegerant,</span> 
     </span>
     <span class='ocr_line' id='line_1_9' title="bbox 172 1181 1592 1248; baseline 0 -18"><span class='ocrx_word' id='word_1_54' title='bbox 172 1198 271 1230; x_wconf 90' lang='lat' dir='ltr'><strong>non</strong></span> <span class='ocrx_word' id='word_1_55' title='bbox 291 1183 449 1230; x_wconf 91' lang='lat' dir='ltr'><strong>minus</strong></span> <span class='ocrx_word' id='word_1_56' title='bbox 461 1182 597 1230; x_wconf 89' lang='lat' dir='ltr'><strong>cordi</strong></span> <span class='ocrx_word' id='word_1_57' title='bbox 612 1191 658 1229; x_wconf 91' lang='lat' dir='ltr'><strong>et</strong></span> <span class='ocrx_word' id='word_1_58' title='bbox 676 1182 839 1228; x_wconf 91' lang='lat' dir='ltr'><strong>animo</strong></span> <span class='ocrx_word' id='word_1_59' title='bbox 855 1181 1088 1230; x_wconf 84' lang='lat' dir='ltr'><strong>habentes</strong></span> <span class='ocrx_word' id='word_1_60' title='bbox 1103 1184 1278 1248; x_wconf 87' lang='lat' dir='ltr'><strong>pariter</strong></span> <span class='ocrx_word' id='word_1_61' title='bbox 1296 1184 1592 1247; x_wconf 83' lang='lat' dir='ltr'><strong>exstinguere</strong></span> 
     </span>
     <span class='ocr_line' id='line_1_10' title="bbox 170 1259 1593 1327; baseline 0.001 -19"><span class='ocrx_word' id='word_1_62' title='bbox 170 1259 437 1308; x_wconf 86' lang='lat' dir='ltr'><strong>libertatem</strong></span> <span class='ocrx_word' id='word_1_63' title='bbox 459 1259 752 1327; x_wconf 82' lang='lat' dir='ltr'><strong>populorum</strong></span> <span class='ocrx_word' id='word_1_64' title='bbox 785 1261 869 1325; x_wconf 89' lang='lat' dir='ltr'><strong>qui</strong></span> <span class='ocrx_word' id='word_1_65' title='bbox 898 1261 1045 1308; x_wconf 90' lang='lat' dir='ltr'><strong>Caleti</strong></span> <span class='ocrx_word' id='word_1_66' title='bbox 1078 1279 1163 1310; x_wconf 88' lang='lat' dir='ltr'><strong>seu</strong></span> <span class='ocrx_word' id='word_1_67' title='bbox 1197 1262 1487 1310; x_wconf 88' lang='lat' dir='ltr'><strong>Caletenses¹</strong></span> <span class='ocrx_word' id='word_1_68' title='bbox 1510 1279 1593 1327; x_wconf 90' lang='lat' dir='ltr'><strong>ap—</strong></span> 
     </span>
     <span class='ocr_line' id='line_1_11' title="bbox 169 1337 1594 1404; baseline 0.001 -20"><span class='ocrx_word' id='word_1_69' title='bbox 169 1337 487 1404; x_wconf 84' lang='lat' dir='ltr'><strong>pellabantur,</strong></span> <span class='ocrx_word' id='word_1_70' title='bbox 514 1339 563 1385; x_wconf 92' lang='lat' dir='ltr'><strong>in</strong></span> <span class='ocrx_word' id='word_1_71' title='bbox 578 1338 769 1386; x_wconf 82' lang='lat' dir='ltr'><strong>dioecesi</strong></span> <span class='ocrx_word' id='word_1_72' title='bbox 788 1338 1159 1403; x_wconf 85' lang='lat' dir='ltr'><strong>Rothomagensi</strong></span> <span class='ocrx_word' id='word_1_73' title='bbox 1180 1339 1447 1388; x_wconf 80' lang='lat' dir='ltr'><strong>habitantes</strong></span> <span class='ocrx_word' id='word_1_74' title='bbox 1472 1340 1594 1387; x_wconf 82' lang='lat' dir='ltr'><strong>inter</strong></span> 
     </span>
     <span class='ocr_line' id='line_1_12' title="bbox 170 1417 1593 1482; baseline 0 -18"><span class='ocrx_word' id='word_1_75' title='bbox 170 1418 441 1482; x_wconf 86' lang='lat' dir='ltr'><strong>Sequanam</strong></span> <span class='ocrx_word' id='word_1_76' title='bbox 491 1426 538 1464; x_wconf 89' lang='lat' dir='ltr'><strong>et</strong></span> <span class='ocrx_word' id='word_1_77' title='bbox 585 1419 902 1463; x_wconf 88' lang='lat' dir='ltr'><strong>Summonam</strong></span> <span class='ocrx_word' id='word_1_78' title='bbox 941 1417 1111 1464; x_wconf 87' lang='lat' dir='ltr'><strong>fluvios</strong></span> <span class='ocrx_word' id='word_1_79' title='bbox 1157 1434 1308 1480; x_wconf 90' lang='lat' dir='ltr'><strong>usque</strong></span> <span class='ocrx_word' id='word_1_80' title='bbox 1360 1418 1420 1464; x_wconf 90' lang='lat' dir='ltr'><strong>ad</strong></span> <span class='ocrx_word' id='word_1_81' title='bbox 1465 1417 1593 1464; x_wconf 88' lang='lat' dir='ltr'><strong>littus</strong></span> 
     </span>
     <span class='ocr_line' id='line_1_13' title="bbox 170 1494 1591 1559; baseline -0.001 -18"><span class='ocrx_word' id='word_1_82' title='bbox 170 1494 338 1552; x_wconf 88' lang='lat' dir='ltr'><strong>maris,</strong></span> <span class='ocrx_word' id='word_1_83' title='bbox 372 1494 531 1541; x_wconf 86' lang='lat' dir='ltr'><strong>adhuc</strong></span> <span class='ocrx_word' id='word_1_84' title='bbox 567 1503 620 1540; x_wconf 88' lang='lat' dir='ltr'><strong>ut</strong></span> <span class='ocrx_word' id='word_1_85' title='bbox 653 1510 736 1541; x_wconf 91' lang='lat' dir='ltr'><strong>eos</strong></span> <span class='ocrx_word' id='word_1_86' title='bbox 774 1494 1127 1559; x_wconf 86' lang='lat' dir='ltr'><strong>opprimerent,</strong></span> <span class='ocrx_word' id='word_1_87' title='bbox 1173 1494 1256 1557; x_wconf 86' lang='lat' dir='ltr'><strong>qui</strong></span> <span class='ocrx_word' id='word_1_88' title='bbox 1292 1494 1380 1541; x_wconf 89' lang='lat' dir='ltr'><strong>soli</strong></span> <span class='ocrx_word' id='word_1_89' title='bbox 1425 1511 1591 1541; x_wconf 87' lang='lat' dir='ltr'><strong>eorum</strong></span> 
     </span>
     <span class='ocr_line' id='line_1_14' title="bbox 169 1571 1592 1638; baseline -0.001 -18"><span class='ocrx_word' id='word_1_90' title='bbox 169 1573 347 1638; x_wconf 85' lang='lat' dir='ltr'><strong>rapinis</strong></span> <span class='ocrx_word' id='word_1_91' title='bbox 375 1582 517 1637; x_wconf 90' lang='lat' dir='ltr'><strong>atque</strong></span> <span class='ocrx_word' id='word_1_92' title='bbox 541 1572 779 1619; x_wconf 87' lang='lat' dir='ltr'><strong>violentiis</strong></span> <span class='ocrx_word' id='word_1_93' title='bbox 806 1571 1195 1631; x_wconf 82' lang='lat' dir='ltr'><strong>obluctabantur,</strong></span> <span class='ocrx_word' id='word_1_94' title='bbox 1223 1589 1400 1636; x_wconf 85' lang='lat' dir='ltr'><strong>magno</strong></span> <span class='ocrx_word' id='word_1_95' title='bbox 1433 1572 1592 1619; x_wconf 86' lang='lat' dir='ltr'><strong>studio</strong></span> 
     </span>
    </p>
   </div>
   <div class='ocr_carea' id='block_1_5' title="bbox 85 1649 1592 1714">
    <p class='ocr_par' dir='ltr' id='par_1_5' title="bbox 85 1649 1592 1714">
     <span class='ocr_line' id='line_1_15' title="bbox 85 1649 1592 1714; baseline -0.001 -16"><span class='ocrx_word' id='word_1_96' title='bbox 85 1684 91 1685; x_wconf 29' lang='grc' dir='ltr'><em>ν</em></span> <span class='ocrx_word' id='word_1_97' title='bbox 168 1649 508 1698; x_wconf 87' lang='lat' dir='ltr'><strong>annitebantur</strong></span> <span class='ocrx_word' id='word_1_98' title='bbox 533 1667 542 1695; x_wconf 92' lang='lat'>:</span> <span class='ocrx_word' id='word_1_99' title='bbox 570 1650 635 1696; x_wconf 90' lang='lat' dir='ltr'><strong>ita</strong></span> <span class='ocrx_word' id='word_1_100' title='bbox 659 1660 709 1696; x_wconf 90' lang='lat' dir='ltr'><strong>ut</strong></span> <span class='ocrx_word' id='word_1_101' title='bbox 740 1650 882 1696; x_wconf 88' lang='lat' dir='ltr'><strong>etiam</strong></span> <span class='ocrx_word' id='word_1_102' title='bbox 914 1649 1181 1714; x_wconf 80' lang='lat' dir='ltr'><strong>praecipuus</strong></span> <span class='ocrx_word' id='word_1_103' title='bbox 1205 1650 1472 1713; x_wconf 87' lang='lat' dir='ltr'><strong>Anglicanae</strong></span> <span class='ocrx_word' id='word_1_104' title='bbox 1504 1651 1592 1696; x_wconf 90' lang='lat' dir='ltr'><strong>mi-</strong></span> 
     </span>
    </p>
   </div>
   <div class='ocr_carea' id='block_1_6' title="bbox 168 1726 1595 2180">
    <p class='ocr_par' dir='ltr' id='par_1_6' title="bbox 168 1726 1595 2180">
     <span class='ocr_line' id='line_1_16' title="bbox 168 1726 1592 1792; baseline -0.001 -17"><span class='ocrx_word' id='word_1_105' title='bbox 168 1728 278 1776; x_wconf 88' lang='lat' dir='ltr'><strong>litiae</strong></span> <span class='ocrx_word' id='word_1_106' title='bbox 299 1727 420 1788; x_wconf 87' lang='lat' dir='ltr'><strong>dux,</strong></span> <span class='ocrx_word' id='word_1_107' title='bbox 440 1728 523 1792; x_wconf 89' lang='lat' dir='ltr'><strong>qui</strong></span> <span class='ocrx_word' id='word_1_108' title='bbox 546 1727 635 1774; x_wconf 88' lang='lat' dir='ltr'><strong>illis</strong></span> <span class='ocrx_word' id='word_1_109' title='bbox 659 1726 830 1774; x_wconf 87' lang='lat' dir='ltr'><strong>diebus</strong></span> <span class='ocrx_word' id='word_1_110' title='bbox 850 1736 949 1774; x_wconf 89' lang='lat' dir='ltr'><strong>erat</strong></span> <span class='ocrx_word' id='word_1_111' title='bbox 971 1743 1133 1774; x_wconf 90' lang='lat' dir='ltr'><strong>comes</strong></span> <span class='ocrx_word' id='word_1_112' title='bbox 1158 1726 1419 1786; x_wconf 86' lang='lat' dir='ltr'><strong>Arundelli,</strong></span> <span class='ocrx_word' id='word_1_113' title='bbox 1441 1726 1592 1774; x_wconf 90' lang='lat' dir='ltr'><strong>homo</strong></span> 
     </span>
     <span class='ocr_line' id='line_1_17' title="bbox 170 1803 1592 1869; baseline -0.001 -15"><span class='ocrx_word' id='word_1_114' title='bbox 170 1807 373 1854; x_wconf 78' lang='lat' dir='ltr'><strong>efferatae</strong></span> <span class='ocrx_word' id='word_1_115' title='bbox 407 1806 610 1852; x_wconf 89' lang='lat' dir='ltr'><strong>nimium</strong></span> <span class='ocrx_word' id='word_1_116' title='bbox 642 1804 932 1852; x_wconf 82' lang='lat' dir='ltr'><strong>crudelitatis</strong></span> <span class='ocrx_word' id='word_1_117' title='bbox 967 1813 1110 1867; x_wconf 88' lang='lat' dir='ltr'><strong>atque</strong></span> <span class='ocrx_word' id='word_1_118' title='bbox 1145 1803 1401 1869; x_wconf 79' lang='lat' dir='ltr'><strong>superbiae,</strong></span> <span class='ocrx_word' id='word_1_119' title='bbox 1437 1821 1592 1852; x_wconf 86' lang='lat' dir='ltr'><strong>sacra-</strong></span> 
     </span>
     <span class='ocr_line' id='line_1_18' title="bbox 171 1881 1595 1947; baseline -0.002 -15"><span class='ocrx_word' id='word_1_120' title='bbox 171 1894 389 1932; x_wconf 89' lang='lat' dir='ltr'><strong>mentum</strong></span> <span class='ocrx_word' id='word_1_121' title='bbox 424 1883 585 1932; x_wconf 83' lang='lat' dir='ltr'><strong>fecerit</strong></span> <span class='ocrx_word' id='word_1_122' title='bbox 611 1899 709 1928; x_wconf 91' lang='lat' dir='ltr'><strong>non</strong></span> <span class='ocrx_word' id='word_1_123' title='bbox 737 1883 985 1947; x_wconf 78' lang='lat' dir='ltr'><strong>imponere</strong></span> <span class='ocrx_word' id='word_1_124' title='bbox 1017 1882 1160 1946; x_wconf 87' lang='lat' dir='ltr'><strong>capiti</strong></span> <span class='ocrx_word' id='word_1_125' title='bbox 1192 1898 1279 1928; x_wconf 91' lang='lat' dir='ltr'><strong>suo</strong></span> <span class='ocrx_word' id='word_1_126' title='bbox 1304 1881 1455 1928; x_wconf 90' lang='lat' dir='ltr'><strong>ullum</strong></span> <span class='ocrx_word' id='word_1_127' title='bbox 1479 1898 1595 1947; x_wconf 88' lang='lat' dir='ltr'><strong>ope-</strong></span> 
     </span>
     <span class='ocr_line' id='line_1_19' title="bbox 171 1959 1594 2024; baseline -0.002 -15"><span class='ocrx_word' id='word_1_128' title='bbox 171 1962 454 2017; x_wconf 87' lang='lat' dir='ltr'><strong>rimentum,</strong></span> <span class='ocrx_word' id='word_1_129' title='bbox 506 1959 663 2007; x_wconf 90' lang='lat' dir='ltr'><strong>donec</strong></span> <span class='ocrx_word' id='word_1_130' title='bbox 709 1959 974 2007; x_wconf 88' lang='lat' dir='ltr'><strong>rusticanos</strong></span> <span class='ocrx_word' id='word_1_131' title='bbox 1017 1959 1337 2007; x_wconf 88' lang='lat' dir='ltr'><strong>Caletensium</strong></span> <span class='ocrx_word' id='word_1_132' title='bbox 1388 1959 1594 2024; x_wconf 92' lang='lat' dir='ltr'><strong>populos</strong></span> 
     </span>
     <span class='ocr_line' id='line_1_20' title="bbox 172 2035 1595 2106; baseline -0.002 -19"><span class='ocrx_word' id='word_1_133' title='bbox 172 2040 481 2106; x_wconf 83' lang='lat' dir='ltr'><strong>oppressisset</strong></span> <span class='ocrx_word' id='word_1_134' title='bbox 522 2047 569 2085; x_wconf 87' lang='lat' dir='ltr'><strong>et</strong></span> <span class='ocrx_word' id='word_1_135' title='bbox 607 2037 820 2084; x_wconf 86' lang='lat' dir='ltr'><strong>servituti</strong></span> <span class='ocrx_word' id='word_1_136' title='bbox 860 2036 1136 2098; x_wconf 83' lang='lat' dir='ltr'><strong>addixisset3</strong></span> <span class='ocrx_word' id='word_1_137' title='bbox 1177 2046 1223 2083; x_wconf 92' lang='lat' dir='ltr'><strong>et</strong></span> <span class='ocrx_word' id='word_1_138' title='bbox 1266 2035 1385 2084; x_wconf 91' lang='lat' dir='ltr'><strong>illud</strong></span> <span class='ocrx_word' id='word_1_139' title='bbox 1432 2038 1595 2101; x_wconf 90' lang='lat' dir='ltr'><strong>utique</strong></span> 
     </span>
     <span class='ocr_line' id='line_1_21' title="bbox 171 2113 1594 2180; baseline -0.004 -14"><span class='ocrx_word' id='word_1_140' title='bbox 171 2126 545 2177; x_wconf 84' lang='lat' dir='ltr'><strong>sacramentum,</strong></span> <span class='ocrx_word' id='word_1_141' title='bbox 565 2114 728 2178; x_wconf 88' lang='lat' dir='ltr'><strong>quoad</strong></span> <span class='ocrx_word' id='word_1_142' title='bbox 751 2114 896 2174; x_wconf 86' lang='lat' dir='ltr'><strong>vixit,</strong></span> <span class='ocrx_word' id='word_1_143' title='bbox 922 2113 1229 2171; x_wconf 84' lang='lat' dir='ltr'><strong>observabat,</strong></span> <span class='ocrx_word' id='word_1_144' title='bbox 1253 2113 1387 2161; x_wconf 93' lang='lat' dir='ltr'><strong>nudo</strong></span> <span class='ocrx_word' id='word_1_145' title='bbox 1407 2131 1594 2180; x_wconf 86' lang='lat' dir='ltr'><strong>semper</strong></span> 
     </span>
    </p>
   </div>
   <div class='ocr_carea' id='block_1_7' title="bbox 87 2191 1593 2260">
    <p class='ocr_par' dir='ltr' id='par_1_7' title="bbox 87 2191 1593 2260">
     <span class='ocr_line' id='line_1_22' title="bbox 87 2191 1593 2260; baseline -0.003 -16"><span class='ocrx_word' id='word_1_146' title='bbox 87 2245 91 2249; x_wconf 21' lang='lat' dir='ltr'><em>ff</em></span> <span class='ocrx_word' id='word_1_147' title='bbox 172 2195 399 2244; x_wconf 88' lang='lat' dir='ltr'><strong>incedens</strong></span> <span class='ocrx_word' id='word_1_148' title='bbox 432 2195 603 2260; x_wconf 86' lang='lat' dir='ltr'><strong>capite.</strong></span> <span class='ocrx_word' id='word_1_149' title='bbox 643 2193 736 2240; x_wconf 91' lang='lat' dir='ltr'><strong>Sed</strong></span> <span class='ocrx_word' id='word_1_150' title='bbox 771 2193 820 2239; x_wconf 93' lang='lat' dir='ltr'><strong>in</strong></span> <span class='ocrx_word' id='word_1_151' title='bbox 852 2202 986 2239; x_wconf 87' lang='lat' dir='ltr'><strong>tanto</strong></span> <span class='ocrx_word' id='word_1_152' title='bbox 1020 2191 1302 2254; x_wconf 65' lang='lat' dir='ltr'><strong>arrogantiae</strong></span> <span class='ocrx_word' id='word_1_153' title='bbox 1330 2191 1454 2239; x_wconf 89' lang='lat' dir='ltr'><strong>fastu</strong></span> <span class='ocrx_word' id='word_1_154' title='bbox 1482 2209 1593 2239; x_wconf 89' lang='lat' dir='ltr'><strong>eum</strong></span> 
     </span>
    </p>
   </div>
   <div class='ocr_carea' id='block_1_8' title="bbox 0 1283 46 3528">
    <p class='ocr_par' dir='ltr' id='par_1_8' title="bbox 0 1283 46 3528">
     <span class='ocr_line' id='line_1_23' title="bbox 0 1283 46 3528; baseline 0 0"><span class='ocrx_word' id='word_1_155' title='bbox 0 1283 46 3528; x_wconf 95' lang='lat' dir='ltr'><strong> </strong></span> 
     </span>
    </p>
   </div>
   <div class='ocr_carea' id='block_1_9' title="bbox 172 2268 1594 2568">
    <p class='ocr_par' dir='ltr' id='par_1_9' title="bbox 172 2268 1593 2414">
     <span class='ocr_line' id='line_1_24' title="bbox 172 2268 1426 2338; baseline -0.005 -18"><span class='ocrx_word' id='word_1_156' title='bbox 172 2273 349 2320; x_wconf 90' lang='lat' dir='ltr'><strong>diutius</strong></span> <span class='ocrx_word' id='word_1_157' title='bbox 371 2287 652 2338; x_wconf 89' lang='lat' dir='ltr'><strong>permanere</strong></span> <span class='ocrx_word' id='word_1_158' title='bbox 674 2270 838 2317; x_wconf 87' lang='lat' dir='ltr'><strong>divina</strong></span> <span class='ocrx_word' id='word_1_159' title='bbox 858 2269 1050 2317; x_wconf 91' lang='lat' dir='ltr'><strong>bonitas</strong></span> <span class='ocrx_word' id='word_1_160' title='bbox 1070 2285 1170 2316; x_wconf 92' lang='lat' dir='ltr'><strong>non</strong></span> <span class='ocrx_word' id='word_1_161' title='bbox 1194 2268 1426 2334; x_wconf 89' lang='lat' dir='ltr'><strong>permisit.</strong></span> 
     </span>
     <span class='ocr_line' id='line_1_25' title="bbox 237 2346 1593 2414; baseline -0.003 -18"><span class='ocrx_word' id='word_1_162' title='bbox 237 2349 445 2414; x_wconf 85' lang='lat' dir='ltr'><strong>Contigit</strong></span> <span class='ocrx_word' id='word_1_163' title='bbox 477 2349 607 2396; x_wconf 90' lang='lat' dir='ltr'><strong>enim</strong></span> <span class='ocrx_word' id='word_1_164' title='bbox 629 2365 686 2396; x_wconf 91' lang='lat' dir='ltr'><strong>ea</strong></span> <span class='ocrx_word' id='word_1_165' title='bbox 710 2357 989 2412; x_wconf 87' lang='lat' dir='ltr'><strong>tempestate</strong></span> <span class='ocrx_word' id='word_1_166' title='bbox 1004 2348 1018 2370; x_wconf 72' lang='lat'><strong>³</strong></span> <span class='ocrx_word' id='word_1_167' title='bbox 1042 2356 1094 2393; x_wconf 86' lang='lat' dir='ltr'><strong>ut</strong></span> <span class='ocrx_word' id='word_1_168' title='bbox 1112 2346 1280 2393; x_wconf 86' lang='lat' dir='ltr'><strong>Franci</strong></span> <span class='ocrx_word' id='word_1_169' title='bbox 1304 2347 1387 2410; x_wconf 89' lang='lat' dir='ltr'><strong>qui</strong></span> <span class='ocrx_word' id='word_1_170' title='bbox 1408 2347 1593 2393; x_wconf 85' lang='lat' dir='ltr'><strong>Belvaci</strong></span> 
     </span>
    </p>

    <p class='ocr_par' dir='ltr' id='par_1_10' title="bbox 174 2424 1594 2489">
     <span class='ocr_line' id='line_1_26' title="bbox 174 2424 1594 2489; baseline -0.003 -15"><span class='ocrx_word' id='word_1_171' title='bbox 174 2437 325 2488; x_wconf 84' lang='lat' dir='ltr'><strong>erant,</strong></span> <span class='ocrx_word' id='word_1_172' title='bbox 346 2427 469 2474; x_wconf 88' lang='lat' dir='ltr'><strong>inter</strong></span> <span class='ocrx_word' id='word_1_173' title='bbox 491 2426 745 2474; x_wconf 87' lang='lat' dir='ltr'><strong>Belvacum</strong></span> <span class='ocrx_word' id='word_1_174' title='bbox 768 2436 815 2473; x_wconf 91' lang='lat' dir='ltr'><strong>et</strong></span> <span class='ocrx_word' id='word_1_175' title='bbox 831 2426 1140 2489; x_wconf 82' lang='lat' dir='ltr'><strong>Gornayu1n³</strong></span> <span class='ocrx_word' id='word_1_176' title='bbox 1161 2424 1223 2471; x_wconf 88' lang='lat' dir='ltr'><strong>ad</strong></span> <span class='ocrx_word' id='word_1_177' title='bbox 1244 2424 1491 2489; x_wconf 87' lang='lat' dir='ltr'><strong>quoddam</strong></span> <span class='ocrx_word' id='word_1_178' title='bbox 1515 2442 1594 2471; x_wconf 87' lang='lat' dir='ltr'><strong>ve-</strong></span> 
     </span>
    </p>

    <p class='ocr_par' dir='ltr' id='par_1_11' title="bbox 174 2502 1594 2568">
     <span class='ocr_line' id='line_1_27' title="bbox 174 2502 1594 2568; baseline -0.001 -17"><span class='ocrx_word' id='word_1_179' title='bbox 174 2514 250 2552; x_wconf 88' lang='lat' dir='ltr'><strong>tus</strong></span> <span class='ocrx_word' id='word_1_180' title='bbox 272 2503 547 2563; x_wconf 87' lang='lat' dir='ltr'><strong>castellum,</strong></span> <span class='ocrx_word' id='word_1_181' title='bbox 576 2503 718 2567; x_wconf 89' lang='lat' dir='ltr'><strong>vulgo</strong></span> <span class='ocrx_word' id='word_1_182' title='bbox 742 2503 925 2551; x_wconf 89' lang='lat' dir='ltr'><strong>dictum</strong></span> <span class='ocrx_word' id='word_1_183' title='bbox 961 2502 1244 2566; x_wconf 68' lang='lat' dir='ltr'><strong>Gerberoy⁸‚</strong></span> <span class='ocrx_word' id='word_1_184' title='bbox 1271 2502 1594 2568; x_wconf 86' lang='lat' dir='ltr'><strong>reparandum</strong></span> 
     </span>
    </p>
   </div>
   <div class='ocr_carea' id='block_1_10' title="bbox 181 2652 1595 2945">
    <p class='ocr_par' dir='ltr' id='par_1_12' title="bbox 230 2652 593 2693">
     <span class='ocr_line' id='line_1_28' title="bbox 230 2652 593 2693; baseline -0.003 0"><span class='ocrx_word' id='word_1_185' title='bbox 230 2656 249 2692; x_wconf 73' lang='lat'><strong>1</strong></span> <span class='ocrx_word' id='word_1_186' title='bbox 263 2686 271 2693; x_wconf 79' lang='grc'>.</span> <span class='ocrx_word' id='word_1_187' title='bbox 301 2657 374 2693; x_wconf 89' lang='lat' dir='ltr'><strong>Les</strong></span> <span class='ocrx_word' id='word_1_188' title='bbox 393 2652 593 2692; x_wconf 87' lang='lat' dir='ltr'><strong>Cauchois.</strong></span> 
     </span>
    </p>

    <p class='ocr_par' dir='ltr' id='par_1_13' title="bbox 229 2712 779 2753">
     <span class='ocr_line' id='line_1_29' title="bbox 229 2712 779 2753; baseline -0.002 -1"><span class='ocrx_word' id='word_1_189' title='bbox 229 2716 269 2753; x_wconf 75' lang='lat'><strong>2.</strong></span> <span class='ocrx_word' id='word_1_190' title='bbox 303 2716 360 2752; x_wconf 78' lang='lat' dir='ltr'><strong>Au</strong></span> <span class='ocrx_word' id='word_1_191' title='bbox 379 2713 475 2752; x_wconf 89' lang='lat' dir='ltr'><strong>mois</strong></span> <span class='ocrx_word' id='word_1_192' title='bbox 494 2713 541 2751; x_wconf 90' lang='lat' dir='ltr'><strong>de</strong></span> <span class='ocrx_word' id='word_1_193' title='bbox 562 2712 638 2751; x_wconf 91' lang='lat' dir='ltr'><strong>mai</strong></span> <span class='ocrx_word' id='word_1_194' title='bbox 659 2715 779 2752; x_wconf 74' lang='lat'>1435.</span> 
     </span>
    </p>

    <p class='ocr_par' dir='ltr' id='par_1_14' title="bbox 233 2773 1053 2814">
     <span class='ocr_line' id='line_1_30' title="bbox 233 2773 1053 2814; baseline -0.005 -1"><span class='ocrx_word' id='word_1_195' title='bbox 233 2777 269 2814; x_wconf 87' lang='lat'><strong>3.</strong></span> <span class='ocrx_word' id='word_1_196' title='bbox 304 2773 670 2813; x_wconf 86' lang='lat' dir='ltr'><strong>Gournai-en-Brai.</strong></span> <span class='ocrx_word' id='word_1_197' title='bbox 1051 2807 1053 2809; x_wconf 87' lang='lat'>.</span> 
     </span>
    </p>

    <p class='ocr_par' dir='ltr' id='par_1_15' title="bbox 181 2826 1595 2945">
     <span class='ocr_line' id='line_1_31' title="bbox 232 2826 1595 2885; baseline -0.007 -11"><span class='ocrx_word' id='word_1_198' title='bbox 232 2838 271 2874; x_wconf 70' lang='lat'><strong>4.</strong></span> <span class='ocrx_word' id='word_1_199' title='bbox 308 2852 324 2869; x_wconf 76' lang='grc' dir='ltr'><strong>ιι</strong></span> <span class='ocrx_word' id='word_1_200' title='bbox 341 2837 427 2873; x_wconf 90' lang='lat' dir='ltr'><strong>Une</strong></span> <span class='ocrx_word' id='word_1_201' title='bbox 447 2842 558 2885; x_wconf 82' lang='lat' dir='ltr'><strong>grant</strong></span> <span class='ocrx_word' id='word_1_202' title='bbox 576 2833 704 2871; x_wconf 87' lang='lat' dir='ltr'><strong>vieille</strong></span> <span class='ocrx_word' id='word_1_203' title='bbox 724 2833 926 2870; x_wconf 85' lang='lat' dir='ltr'><strong>forteresse</strong></span> <span class='ocrx_word' id='word_1_204' title='bbox 945 2831 1122 2870; x_wconf 75' lang='lat' dir='ltr'><strong>nominee</strong></span> <span class='ocrx_word' id='word_1_205' title='bbox 1142 2829 1357 2878; x_wconf 85' lang='lat' dir='ltr'><strong>Gerberoy,</strong></span> <span class='ocrx_word' id='word_1_206' title='bbox 1373 2845 1389 2860; x_wconf 87' lang='lat'>»</span> <span class='ocrx_word' id='word_1_207' title='bbox 1411 2826 1467 2864; x_wconf 86' lang='lat' dir='ltr'><strong>dit</strong></span> <span class='ocrx_word' id='word_1_208' title='bbox 1483 2828 1595 2866; x_wconf 87' lang='lat' dir='ltr'><strong>Mon-</strong></span> 
     </span>
     <span class='ocr_line' id='line_1_32' title="bbox 181 2893 717 2945; baseline -0.004 -12"><span class='ocrx_word' id='word_1_209' title='bbox 181 2895 310 2933; x_wconf 82' lang='lat' dir='ltr'><strong>strelet</strong></span> <span class='ocrx_word' id='word_1_210' title='bbox 323 2923 335 2945; x_wconf 87' lang='lat'><em>,</em></span> <span class='ocrx_word' id='word_1_211' title='bbox 356 2894 383 2933; x_wconf 88' lang='lat' dir='ltr'><strong>l.</strong></span> <span class='ocrx_word' id='word_1_212' title='bbox 405 2896 442 2932; x_wconf 96' lang='lat' dir='ltr'><strong>II</strong></span> <span class='ocrx_word' id='word_1_213' title='bbox 460 2923 471 2942; x_wconf 91' lang='lat'>‚</span> <span class='ocrx_word' id='word_1_214' title='bbox 487 2893 601 2945; x_wconf 87' lang='lat' dir='ltr'><strong>chap.</strong></span> <span class='ocrx_word' id='word_1_215' title='bbox 626 2895 717 2931; x_wconf 78' lang='lat'><strong>172.</strong></span> 
     </span>
    </p>
   </div>
  </div>
 </body>
</html>
