2086 3528
499 385 577 423 254
881 381 1220 420 HISTORIARUM
1249 380 1430 418 CAROLI
1456 380 1527 417 v11

499 477 620 514 trem
650 468 791 513 etiam
824 482 964 513 suum
989 501 1001 523 ,
1037 464 1262 511 comitem
1307 463 1482 526 Derby,
1514 463 1745 510 Henricus
1787 465 1909 510 Len-

499 545 678 591 castriae
700 581 711 602 ‚
765 543 847 607 qui
894 541 1236 589 Normanniam
1293 541 1612 605 conquisierat
1670 549 1812 603 atque
1859 539 1909 587 in

500 621 695 667 Francia
729 636 920 684 guerras
956 635 984 666 a
1023 618 1162 665 nobis
1209 616 1429 682 superius
1464 616 1633 664 relatas
1678 616 1906 677 duxerat,

500 690 655 744 morte
679 698 919 762 punierat,
942 713 1052 743 cum
1075 713 1101 742 e
1127 695 1284 742 littore
1311 694 1567 758 Anglicano
1596 693 1792 763 classem
1815 692 1911 740 sol-

500 790 612 821 vere
647 784 722 833 et,
762 774 1101 821 Normanniam
1137 789 1466 837 aggressurus,
1503 772 1697 836 pelagus
1734 771 1911 819 intrare

499 850 655 897 vellet.
694 853 809 907 Quae
843 866 918 896 res
940 865 968 896 a
992 849 1106 896 dicti
1137 848 1274 896 ducis
1304 847 1504 895 Eboraci
1537 847 1794 908 memoria,
1827 847 1912 911 qui

500 938 547 975 et
582 929 682 993 ipse
718 927 978 974 Richardus
1013 925 1292 985 vocabatur,
1321 926 1519 972 minime
1551 925 1720 990 procul
1761 924 1911 972 dubio

500 1005 798 1066 exciderant,
827 1014 970 1070 prout
999 1004 1187 1051 actitata
1210 1002 1580 1050 luculentissime
1603 1000 1910 1066 p'OStmodum

500 1083 788 1131 indicarunt.

566 1161 774 1224 Contigit
795 1169 955 1207 autem
979 1175 1032 1206 ea
1056 1168 1361 1224 tempestate,
1399 1168 1451 1205 ut
1480 1174 1562 1205 rex
1591 1156 1763 1221 Angliae
1782 1159 1913 1205 Hen-

500 1239 625 1285 ricus
656 1255 874 1303 proceres
906 1248 952 1284 et
983 1247 1132 1284 status
1162 1238 1294 1302 regni
1325 1237 1426 1295 sui,
1466 1236 1526 1284 ad
1563 1235 1912 1301 parlamentum

500 1315 839 1363 celebrandum
860 1332 915 1362 ex
937 1331 1070 1362 more
1091 1352 1102 1374 ‚
1129 1315 1189 1362 ad
1211 1314 1372 1362 villam
1395 1314 1655 1378 quamdam
1678 1329 1914 1360 convoca-

500 1404 588 1441 ret.
619 1393 687 1440 Ad
719 1409 862 1457 quem
885 1392 1076 1452 locum,
1117 1401 1292 1439 statuto
1329 1392 1406 1439 die
1425 1428 1438 1450 ,
1474 1408 1584 1439 cum
1617 1391 1914 1439 adventasset

500 1471 595 1517 dux
620 1470 928 1518 Summerseti
948 1506 960 1529 ,
988 1485 1078 1516 nec
1100 1469 1160 1516 de
1182 1469 1367 1516 insidiis
1389 1468 1524 1516 ducis
1549 1467 1750 1516 Eboraci
1774 1467 1914 1534 quid-

500 1564 644 1612 quam
678 1558 792 1595 tunc
822 1547 1156 1612 suspicaretur,
1186 1546 1246 1593 ad
1274 1546 1496 1593 eumdem
1522 1546 1682 1593 locum
1701 1581 1714 1605 ‚
1745 1544 1912 1593 eadem

500 1642 651 1691 prope
678 1625 799 1672 hora
819 1661 830 1682 ‚
870 1625 1063 1688 contigit
1097 1634 1143 1671 et
1170 1623 1342 1671 ducem
1376 1623 1579 1670 Eboraci
1611 1639 1720 1670 cum
1754 1622 1926 1670 multis

499 1701 778 1749 satellitibus
800 1702 1054 1766 applicare.
1083 1701 1177 1759 Qui
1206 1701 1362 1748 statim
1389 1710 1440 1747 ut
1460 1699 1533 1751 ¹ab
1562 1715 1688 1764 equo
1721 1699 1915 1748 descen-

499 1780 634 1827 derat
667 1796 779 1826 cum
807 1779 902 1826 suis
942 1779 990 1825 in
1024 1778 1181 1844 platea
1217 1778 1436 1843 publica,
1463 1788 1511 1825 et
1538 1778 1605 1825 eis
1641 1777 1912 1833 nuntiatum

499 1866 621 1904 esset
651 1856 824 1903 ducem
854 1844 1162 1911 Summerseti
1187 1855 1436 1920 paululum
1468 1865 1578 1902 ante
1613 1854 1912 1903 descendisse

498 1943 546 1980 et
579 1933 826 1998 quoddam
855 1933 1089 1980 introiisse
1113 1933 1400 1997 hospitium,
1431 1931 1686 1988 suosilluc
1724 1931 1915 1986 mittens

498 2012 719 2059 satellites
735 2049 748 2071 ‚
789 2014 945 2076 ipsum
962 2047 975 2070 ‚
1005 2028 1157 2076 prope
1182 2011 1421 2060 caminam
1453 2011 1502 2057 in
1527 2009 1911 2069 scamnoseden·

500 2099 622 2150 tem,
655 2088 858 2137 interfici
896 2090 1004 2137 fecit
1024 2092 1052 2136 ¹.
1089 2089 1235 2152 Cujus
1270 2089 1336 2136 rei
1368 2088 1430 2137 ad
1461 2089 1912 2151 Henricumsegem

497 2184 691 2214 rumore
715 2167 872 2215 subito
891 2166 1092 2232 perlato,
1109 2183 1220 2215 cum
1242 2168 1342 2232 ipse
1366 2183 1505 2214 suum
1529 2166 1789 2230 hospitium
1801 2181 1915 2220 cum

498 2243 743 2307 nonnullis
760 2244 967 2302 exiisset,
993 2244 1158 2307 sagitta
1174 2244 1223 2291 in
1242 2244 1366 2290 collo
1389 2247 1627 2309 trajectus,
1653 2259 1758 2307 quae
1770 2258 1914 2307 super

498 2321 654 2386 ipsum
681 2322 876 2368 fortuito
901 2321 1383 2383 advolarat‚‚vulnus‚
1412 2338 1511 2368 non
1536 2331 1693 2374 tamen
1719 2320 1913 2380 lethale,

496 2399 707 2463 accepit;
728 2409 775 2445 et
796 2400 877 2459 ita,
895 2399 1053 2446 soluto
1071 2399 1386 2464 pai-lamento,
1403 2398 1676 2447 Londonias
1694 2416 1774 2447 rex
1791 2400 1913 2465 ipses,

497 2477 632 2540 quasi
668 2475 1038 2540 quodammodo
1070 2476 1159 2524 sub
1192 2493 1338 2524 manu
1368 2487 1413 2525 et
1438 2477 1581 2525 tutela
1609 2478 1754 2542 ipsius
1777 2477 1912 2527 ducis

499 2553 699 2601 Eboraci
723 2554 903 2619 positus
920 2590 932 2613 ,
959 2571 1173 2602 reversus
1195 2565 1280 2602 est.

553 2693 590 2728 1.
622 2694 675 2729 Le
696 2690 770 2728 duc
790 2689 838 2728 de
857 2693 1050 2729 Somerset
1067 2690 1123 2728 sut
1146 2691 1210 2729 tue
1229 2693 1249 2728 a
1270 2690 1539 2740 Saint-Alban‚
1559 2691 1594 2730 le
1619 2693 1670 2730 22
1689 2690 1764 2730 mai
1791 2694 1910 2739 1455,

497 2758 560 2796 et,
589 2750 742 2788 suivant
766 2749 821 2789 les
848 2749 1053 2788 historiens
1081 2750 1250 2803 anglais,
1280 2749 1373 2789 dans
1399 2751 1466 2789 des
1486 2750 1765 2790 circonstancbs
1787 2759 1912 2790 tontes

497 2810 718 2848 differentes
735 2810 782 2848 de
799 2809 914 2849 celles
933 2823 1008 2861 que
1028 2819 1209 2862 rapporte
1226 2810 1388 2849 Thomas
1402 2811 1513 2850 Basin
1530 2828 1540 2861 ;
1557 2825 1623 2851 car
1640 2811 1666 2850 il
1686 2811 1811 2850 aurait
1830 2811 1912 2864 peri

497 2883 544 2908 en
566 2869 774 2908 defendant
799 2869 834 2908 la
853 2869 944 2908 ville
962 2877 1094 2908 contre
1114 2869 1167 2908 les
1187 2869 1396 2909 Yorkistes.
