2086 3528
662 363 666 381 2
691 352 698 372 ‘
729 351 873 395 Lmen
899 356 1162 405 QUARTUS:
1576 359 1653 397 179

239 443 597 492 admoneret'nt
627 441 956 505 unusquisque
992 442 1059 499 in,
1077 455 1135 488 ea
1171 449 1384 488 maneret
1404 442 1656 490 vacatione

239 532 334 587 qua
354 530 549 570 vocatus
566 527 655 581 est,
677 517 725 567 et
745 518 962 566 dixisset:
987 539 1011 566 «
1029 521 1207 568 Servus
1224 528 1422 567 vocatus
1451 532 1521 581 es,
1555 536 1655 568 non

239 599 299 648 sit
318 599 566 659 tibi'curae,
589 618 617 642 v»
644 597 802 645 statim
818 597 1035 661 subjicit:
1060 614 1084 641 α
1111 596 1213 658 sed,
1231 597 1277 644 si
1296 606 1453 663 poteS,
1474 598 1654 663 inquit,

240 675 343 725 fieri
363 675 500 738 liber,
527 676 676 741 magis
698 684 850 722 utere.
877 693 899 720 »

263 767 279 770 '⁴
293 753 463 802 Liberi
483 754 642 818 igitur,
661 752 865 811 liben‘ter
884 762 934 800 et
968 751 1256 816 gratulanter
1277 752 1489 800 utilitatis
1516 770 1662 802 causa

232 833 361 898 ,juste
382 841 430 880 et
456 832 665 897 legitime
687 831 944 897 imperanti
964 845 1240 896 pareamus,
1267 829 1448 877 subditi
1471 839 1517 878 et
1547 830 1662 879 sub-

237 911 350 976 jecti
381 911 543 958 simus.
578 913 675 957 Nec
691 910 816 973 juste
834 923 948 956 vero
973 917 1132 973 neque
1153 907 1379 972 legitime,
1399 925 1555 973 neque
1577 910 1665 957 uti-

234 987 383 1036 litatis
399 988 675 1036 *communis
694 1003 860 1048 causa,
887 986 971 1034 sed
994 986 1052 1034 ad
1080 986 1378 1033 eversionem
1404 987 1549 1033 totius
1571 988 1663 1035 rei-

243 1064 443 1132 publicae
469 1065 533 1112 ob
557 1079 666 1112 suas
683 1064 928 1111 dumtaxat
943 1064 1171 1129 privatas,
1191 1063 1379 1127 iniquas
1401 1073 1448 1111 et
1469 1064 1667 1128 injustas

244 1142 517 1190 affectiones
533 1142 806 1207 imperanti,
824 1151 870 1188 et
887 1157 1055 1188 omnes
1070 1141 1117 1186 in
1143 1141 1367 1188 miseram
1390 1141 1666 1188 servitutem

244 1220 457 1285 redigere
480 1220 686 1279 volenti,
717 1219 869 1266 multo
888 1219 1060 1282 justius
1091 1232 1191 1265 non
1225 1234 1473 1282 paremus,
1510 1219 1547 1265 si
1579 1236 1668 1283 po-

246 1308 387 1347 testas
427 1299 548 1346 adsit
594 1296 888 1356 reluctandi,
928 1313 1074 1361 quam
1110 1296 1149 1342 si
1179 1313 1266 1361 per
1289 1296 1568 1361 patientiam
1598 1297 1670 1343 in-

246 1378 393 1425 vitam
421 1394 528 1425 suas
559 1377 879 1440 iniquissimas
908 1384 955 1422 et
982 1373 1422 1422 deordinatissimas
1450 1373 1672 1422 libidines

247 1465 294 1504 et
315 1455 600 1522 cupiditates
622 1493 634 1515 ,
659 1455 790 1502 velut
814 1453 1154 1518 approbando,
1181 1453 1468 1499 foveremus.

310 1535 420 1581 Haec
441 1542 619 1592 autem,
642 1531 856 1596 quodam
881 1530 1030 1578 modo
1056 1539 1187 1578 extra
1209 1538 1437 1594 susceptae
1456 1528 1671 1576 officium

247 1610 479 1671 historiae,
504 1627 530 1658 a
553 1610 695 1658 nobis
715 1609 812 1656 hoc
834 1609 944 1656 loco
968 1609 1145 1655 inserta
1168 1617 1282 1654 sunt
1297 1645 1310 1669 ,
1337 1623 1450 1654 cum
1476 1607 1673 1654 ordina-

248 1689 430 1736 tionem
451 1689 500 1735 in
525 1688 691 1736 militia
713 1686 959 1736 Gallicana
981 1686 1206 1752 positam,
1231 1684 1350 1732 dum
1372 1684 1570 1732 Carolus
1592 1701 1674 1732 rex

250 1766 564 1829 Lotharingiae
586 1765 705 1812 fines
721 1764 959 1825 adivisset,
984 1763 1349 1828 descripsimus,
1378 1771 1433 1809 ut
1456 1761 1676 1809 ostende-

187 1861 190 1867 ’
252 1859 429 1904 remus,
453 1859 554 1890 non
580 1842 730 1890 modo
746 1842 943 1901 utiliter,
972 1841 1056 1888 sed
1079 1841 1442 1906 praenecessarie
1471 1849 1588 1887 tunc
1611 1840 1676 1887 ita

252 1921 393 1970 fuisse
421 1921 600 1968 sactum
617 1955 629 1975 ‚
656 1930 703 1968 et
725 1933 830 1967 eam
855 1919 1074 1966 militiam
1103 1918 1325 1966 debuisse
1350 1918 1412 1965 ad
1438 1919 1676 1984 stipendia

252 2001 444 2048 retineri
487 1999 649 2063 quoad
694 1998 856 2046 hostes
903 1998 1037 2063 regni
1082 2014 1139 2045 ex
1189 1998 1483 2045 Normannia
1535 2007 1677 2061 atque

256 2078 502 2142 Aquitania
525 2077 716 2142 penitus
734 2078 927 2125 fuerunt
943 2077 1080 2141 ejecti
1097 2095 1110 2136 3
1138 2092 1244 2124 eam
1262 2092 1378 2123 vero
1400 2077 1555 2126 facere
1574 2093 1678 2142 per-

252 2164 446 2220 petuam
464 2190 476 2214 ,
503 2153 762 2202 desistente
784 2164 832 2202 et
855 2154 989 2202 nulla
1013 2162 1214 2217 cogente
1231 2153 1542 2214 necessitate,
1568 2163 1676 2200 tan-

252 2241 382 2294 tam,
410 2241 588 2296 quanta
609 2241 656 2279 et
678 2232 944 2280 necessaria
981 2241 1028 2279 et
1057 2231 1295 2279 sufficiens
1319 2231 1407 2278 fuit
1442 2230 1504 2279 ad
1531 2247 1678 2278 recu—

254 2309 516 2374 perandam
530 2309 591 2357 ab
603 2310 824 2357 hostibus
841 2309 1185 2357 Normanniam
1199 2319 1340 2375 atque
1358 2309 1677 2375 Aquitaniam,

257 2395 304 2434 et
325 2387 531 2435 retinere
563 2387 625 2435 ad
656 2397 756 2435 tam
780 2403 953 2452 magna
977 2387 1213 2453 stipendia
1248 2387 1296 2434 in
1327 2403 1445 2452 pace
1476 2397 1522 2434 et
1554 2387 1676 2442 otio,

257 2473 488 2528 quantam
519 2465 568 2511 in
602 2465 785 2512 bellicis
819 2464 1203 2530 expeditionibus
1242 2464 1457 2512 habituri
1496 2465 1678 2522 forent,

259 2541 380 2588 nihil
399 2542 529 2589 aliud
553 2558 653 2590 esse
675 2559 820 2607 quam
836 2559 1039 2606 regnum
1061 2551 1304 2607 perpetuae
1332 2542 1565 2606 subjicere
1588 2557 1683 2588 ser-

259 2620 395 2666 vituti
424 2628 521 2667 tam
556 2619 847 2667 tributorum
882 2638 1027 2685 quam
1056 2620 1481 2667 innumerabilium
1525 2619 1685 2665 malo—-

261 2714 369 2744 rum
394 2707 536 2761 atque
566 2698 987 2747 incommodorum
1008 2737 1019 2757 ‚
1042 2716 1253 2763 quorum
1275 2715 1333 2747 ex
1351 2698 1511 2745 multis
1533 2713 1686 2760 pauca

263 2774 509 2824 dumtaxat
531 2792 676 2841 supra
696 2776 959 2824 retulimus.
988 2780 1085 2824 Nec
1112 2777 1242 2823 enim
1264 2776 1359 2822 ulla
1378 2775 1583 2838 justitia,
1613 2775 1687 2822 ul-

263 2851 368 2899 lave
390 2869 484 2917 pax
503 2868 616 2900 vera
638 2863 683 2900 et
707 2853 877 2913 solida,
898 2853 995 2901 ulla
1007 2853 1203 2901 libertas
1227 2853 1315 2899 erit
1336 2853 1384 2898 in
1408 2869 1584 2915 regno3
1606 2852 1687 2900 sed
