<?xml version="1.0" encoding="UTF-8"?>
<!DOCTYPE html PUBLIC "-//W3C//DTD XHTML 1.0 Transitional//EN"
    "http://www.w3.org/TR/xhtml1/DTD/xhtml1-transitional.dtd">
<html xmlns="http://www.w3.org/1999/xhtml" xml:lang="en" lang="en">
 <head>
  <title>
</title>
<meta http-equiv="Content-Type" content="text/html;charset=utf-8" />
  <meta name='ocr-system' content='tesseract 3.04.00' />
  <meta name='ocr-capabilities' content='ocr_page ocr_carea ocr_par ocr_line ocrx_word'/>
</head>
<body>
  <div class='ocr_page' id='page_1' title='image "./histoiredesrgn01basiuoft_0220.png"; bbox 0 0 2086 3528; ppageno 0'>
   <div class='ocr_carea' id='block_1_1' title="bbox 1910 0 2086 303">
    <p class='ocr_par' dir='ltr' id='par_1_1' title="bbox 1910 0 2086 303">
     <span class='ocr_line' id='line_1_1' title="bbox 1910 0 2086 303; baseline 0 3225"><span class='ocrx_word' id='word_1_1' title='bbox 1910 0 2086 303; x_wconf 95' lang='lat' dir='ltr'><strong> </strong></span> 
     </span>
    </p>
   </div>
   <div class='ocr_carea' id='block_1_2' title="bbox 524 393 1551 436">
    <p class='ocr_par' dir='ltr' id='par_1_2' title="bbox 524 393 1551 436">
     <span class='ocr_line' id='line_1_2' title="bbox 524 393 1551 436; baseline -0.007 0"><span class='ocrx_word' id='word_1_2' title='bbox 524 399 574 436; x_wconf 71' lang='lat'><strong>46</strong></span> <span class='ocrx_word' id='word_1_3' title='bbox 902 394 1244 433; x_wconf 75' lang='lat' dir='ltr'><strong>HISTORIARUM</strong></span> <span class='ocrx_word' id='word_1_4' title='bbox 1272 393 1454 430; x_wconf 89' lang='lat' dir='ltr'><strong>CAROLI</strong></span> <span class='ocrx_word' id='word_1_5' title='bbox 1480 394 1551 430; x_wconf 92' lang='lat' dir='ltr'><strong>VII</strong></span> 
     </span>
    </p>
   </div>
   <div class='ocr_carea' id='block_1_3' title="bbox 513 474 1940 1785">
    <p class='ocr_par' dir='ltr' id='par_1_3' title="bbox 513 474 1940 1785">
     <span class='ocr_line' id='line_1_3' title="bbox 524 474 1937 544; baseline -0.002 -17"><span class='ocrx_word' id='word_1_6' title='bbox 524 479 597 527; x_wconf 90' lang='lat' dir='ltr'><strong>vel</strong></span> <span class='ocrx_word' id='word_1_7' title='bbox 635 494 877 544; x_wconf 89' lang='lat' dir='ltr'><strong>campanae</strong></span> <span class='ocrx_word' id='word_1_8' title='bbox 905 477 1080 539; x_wconf 77' lang='lat' dir='ltr'><strong>tinnitu</strong></span> <span class='ocrx_word' id='word_1_9' title='bbox 1099 513 1110 535; x_wconf 96' lang='lat'>,</span> <span class='ocrx_word' id='word_1_10' title='bbox 1150 474 1225 523; x_wconf 89' lang='lat' dir='ltr'><strong>vel</strong></span> <span class='ocrx_word' id='word_1_11' title='bbox 1263 474 1501 522; x_wconf 88' lang='lat' dir='ltr'><strong>venatoris</strong></span> <span class='ocrx_word' id='word_1_12' title='bbox 1534 484 1616 521; x_wconf 90' lang='lat' dir='ltr'><strong>aut</strong></span> <span class='ocrx_word' id='word_1_13' title='bbox 1657 474 1748 522; x_wconf 88' lang='lat' dir='ltr'><strong>alio</strong></span> <span class='ocrx_word' id='word_1_14' title='bbox 1784 491 1937 524; x_wconf 90' lang='lat' dir='ltr'><strong>cornu</strong></span> 
     </span>
     <span class='ocr_line' id='line_1_4' title="bbox 523 550 1940 620; baseline -0.002 -15"><span class='ocrx_word' id='word_1_15' title='bbox 523 558 642 605; x_wconf 89' lang='lat' dir='ltr'><strong>dans</strong></span> <span class='ocrx_word' id='word_1_16' title='bbox 680 556 916 611; x_wconf 88' lang='lat' dir='ltr'><strong>sonitum,</strong></span> <span class='ocrx_word' id='word_1_17' title='bbox 957 570 1043 620; x_wconf 88' lang='lat' dir='ltr'><strong>per</strong></span> <span class='ocrx_word' id='word_1_18' title='bbox 1078 553 1173 600; x_wconf 93' lang='lat' dir='ltr'><strong>hoc</strong></span> <span class='ocrx_word' id='word_1_19' title='bbox 1212 550 1273 600; x_wconf 88' lang='lat' dir='ltr'><strong>ad</strong></span> <span class='ocrx_word' id='word_1_20' title='bbox 1310 553 1548 600; x_wconf 90' lang='lat' dir='ltr'><strong>munitum</strong></span> <span class='ocrx_word' id='word_1_21' title='bbox 1587 569 1638 600; x_wconf 92' lang='lat' dir='ltr'><strong>se</strong></span> <span class='ocrx_word' id='word_1_22' title='bbox 1679 553 1940 619; x_wconf 90' lang='lat' dir='ltr'><strong>recipiendi</strong></span> 
     </span>
     <span class='ocr_line' id='line_1_5' title="bbox 521 631 1935 696; baseline 0 -15"><span class='ocrx_word' id='word_1_23' title='bbox 521 634 682 681; x_wconf 89' lang='lat' dir='ltr'><strong>locum</strong></span> <span class='ocrx_word' id='word_1_24' title='bbox 723 632 933 691; x_wconf 84' lang='lat' dir='ltr'><strong>cunctis,</strong></span> <span class='ocrx_word' id='word_1_25' title='bbox 969 631 1051 695; x_wconf 93' lang='lat' dir='ltr'><strong>qui</strong></span> <span class='ocrx_word' id='word_1_26' title='bbox 1081 640 1185 678; x_wconf 90' lang='lat' dir='ltr'><strong>tum</strong></span> <span class='ocrx_word' id='word_1_27' title='bbox 1219 631 1268 677; x_wconf 92' lang='lat' dir='ltr'><strong>in</strong></span> <span class='ocrx_word' id='word_1_28' title='bbox 1298 633 1420 694; x_wconf 86' lang='lat' dir='ltr'><strong>agris</strong></span> <span class='ocrx_word' id='word_1_29' title='bbox 1450 640 1644 696; x_wconf 82' lang='lat' dir='ltr'>agerent</span> <span class='ocrx_word' id='word_1_30' title='bbox 1670 631 1746 679; x_wconf 88' lang='lat' dir='ltr'><strong>vel</strong></span> <span class='ocrx_word' id='word_1_31' title='bbox 1768 633 1935 693; x_wconf 77' lang='lat' dir='ltr'><strong>vineiS,</strong></span> 
     </span>
     <span class='ocr_line' id='line_1_6' title="bbox 521 708 1937 775; baseline 0.001 -17"><span class='ocrx_word' id='word_1_32' title='bbox 521 712 709 775; x_wconf 86' lang='lat' dir='ltr'><strong>signum</strong></span> <span class='ocrx_word' id='word_1_33' title='bbox 743 709 904 757; x_wconf 88' lang='lat' dir='ltr'><strong>dabat.</strong></span> <span class='ocrx_word' id='word_1_34' title='bbox 957 708 1100 766; x_wconf 89' lang='lat' dir='ltr'><strong>Quod</strong></span> <span class='ocrx_word' id='word_1_35' title='bbox 1139 718 1238 755; x_wconf 86' lang='lat' dir='ltr'><strong>tam</strong></span> <span class='ocrx_word' id='word_1_36' title='bbox 1272 708 1459 756; x_wconf 84' lang='lat' dir='ltr'>assidue</span> <span class='ocrx_word' id='word_1_37' title='bbox 1494 719 1541 757; x_wconf 94' lang='lat' dir='ltr'><strong>et</strong></span> <span class='ocrx_word' id='word_1_38' title='bbox 1578 709 1851 774; x_wconf 88' lang='lat' dir='ltr'><strong>frequenter</strong></span> <span class='ocrx_word' id='word_1_39' title='bbox 1887 711 1937 759; x_wconf 92' lang='lat' dir='ltr'><strong>in</strong></span> 
     </span>
     <span class='ocr_line' id='line_1_7' title="bbox 521 786 1937 854; baseline 0 -17"><span class='ocrx_word' id='word_1_40' title='bbox 521 788 886 854; x_wconf 89' lang='lat' dir='ltr'><strong>quamplurimis</strong></span> <span class='ocrx_word' id='word_1_41' title='bbox 921 786 1064 834; x_wconf 82' lang='lat' dir='ltr'><strong>fiebat</strong></span> <span class='ocrx_word' id='word_1_42' title='bbox 1086 786 1226 844; x_wconf 83' lang='lat' dir='ltr'><strong>lociS‚</strong></span> <span class='ocrx_word' id='word_1_43' title='bbox 1255 796 1324 844; x_wconf 89' lang='lat' dir='ltr'><strong>ut,</strong></span> <span class='ocrx_word' id='word_1_44' title='bbox 1351 803 1461 834; x_wconf 89' lang='lat' dir='ltr'><strong>cum</strong></span> <span class='ocrx_word' id='word_1_45' title='bbox 1478 786 1628 834; x_wconf 85' lang='lat' dir='ltr'><strong>boves</strong></span> <span class='ocrx_word' id='word_1_46' title='bbox 1653 796 1700 834; x_wconf 89' lang='lat' dir='ltr'><strong>et</strong></span> <span class='ocrx_word' id='word_1_47' title='bbox 1721 787 1937 851; x_wconf 85' lang='lat' dir='ltr'><strong>jumenta</strong></span> 
     </span>
     <span class='ocr_line' id='line_1_8' title="bbox 520 864 1939 931; baseline -0.001 -16"><span class='ocrx_word' id='word_1_48' title='bbox 520 868 727 915; x_wconf 87' lang='lat' dir='ltr'><strong>aratoria</strong></span> <span class='ocrx_word' id='word_1_49' title='bbox 750 866 811 914; x_wconf 85' lang='lat' dir='ltr'><strong>ab</strong></span> <span class='ocrx_word' id='word_1_50' title='bbox 837 875 998 913; x_wconf 90' lang='lat' dir='ltr'><strong>aratro</strong></span> <span class='ocrx_word' id='word_1_51' title='bbox 1024 865 1337 922; x_wconf 86' lang='lat' dir='ltr'><strong>solverentur,</strong></span> <span class='ocrx_word' id='word_1_52' title='bbox 1363 864 1608 913; x_wconf 83' lang='lat' dir='ltr'><strong>audientes</strong></span> <span class='ocrx_word' id='word_1_53' title='bbox 1630 864 1939 931; x_wconf 90' lang='lat' dir='ltr'><strong>speculatoris</strong></span> 
     </span>
     <span class='ocr_line' id='line_1_9' title="bbox 520 941 1938 1010; baseline -0.001 -18"><span class='ocrx_word' id='word_1_54' title='bbox 520 945 733 1010; x_wconf 80' lang='lat' dir='ltr'><strong>signum,</strong></span> <span class='ocrx_word' id='word_1_55' title='bbox 761 943 887 990; x_wconf 88' lang='lat' dir='ltr'><strong>illico</strong></span> <span class='ocrx_word' id='word_1_56' title='bbox 920 941 1100 1005; x_wconf 84' lang='lat' dir='ltr'><strong>absque</strong></span> <span class='ocrx_word' id='word_1_57' title='bbox 1124 941 1322 988; x_wconf 87' lang='lat' dir='ltr'><strong>ductore</strong></span> <span class='ocrx_word' id='word_1_58' title='bbox 1346 942 1407 989; x_wconf 88' lang='lat' dir='ltr'><strong>ad</strong></span> <span class='ocrx_word' id='word_1_59' title='bbox 1429 959 1515 990; x_wconf 90' lang='lat' dir='ltr'><strong>sua</strong></span> <span class='ocrx_word' id='word_1_60' title='bbox 1536 952 1636 990; x_wconf 82' lang='lat' dir='ltr'><strong>tuta</strong></span> <span class='ocrx_word' id='word_1_61' title='bbox 1658 942 1854 1007; x_wconf 85' lang='lat' dir='ltr'><strong>refugia,</strong></span> <span class='ocrx_word' id='word_1_62' title='bbox 1881 960 1938 991; x_wconf 87' lang='lat' dir='ltr'><strong>ex</strong></span> 
     </span>
     <span class='ocr_line' id='line_1_10' title="bbox 518 1019 1939 1087; baseline 0 -18"><span class='ocrx_word' id='word_1_63' title='bbox 518 1023 662 1087; x_wconf 88' lang='lat' dir='ltr'><strong>longa</strong></span> <span class='ocrx_word' id='word_1_64' title='bbox 675 1020 1018 1069; x_wconf 84' lang='lat' dir='ltr'><strong>assuefactione</strong></span> <span class='ocrx_word' id='word_1_65' title='bbox 1032 1019 1220 1079; x_wconf 85' lang='lat' dir='ltr'><strong>edocta,</strong></span> <span class='ocrx_word' id='word_1_66' title='bbox 1237 1036 1375 1067; x_wconf 90' lang='lat' dir='ltr'><strong>cursu</strong></span> <span class='ocrx_word' id='word_1_67' title='bbox 1395 1020 1563 1086; x_wconf 89' lang='lat' dir='ltr'><strong>rapido</strong></span> <span class='ocrx_word' id='word_1_68' title='bbox 1575 1021 1704 1068; x_wconf 85' lang='lat' dir='ltr'><strong>velut</strong></span> <span class='ocrx_word' id='word_1_69' title='bbox 1718 1023 1939 1070; x_wconf 86' lang='lat' dir='ltr'><strong>exterrita</strong></span> 
     </span>
     <span class='ocr_line' id='line_1_11' title="bbox 519 1097 1938 1162; baseline -0.001 -15"><span class='ocrx_word' id='word_1_70' title='bbox 519 1107 845 1159; x_wconf 85' lang='lat' dir='ltr'><strong>accurrerent;</strong></span> <span class='ocrx_word' id='word_1_71' title='bbox 869 1097 1002 1162; x_wconf 94' lang='lat' dir='ltr'><strong>quod</strong></span> <span class='ocrx_word' id='word_1_72' title='bbox 1026 1106 1072 1143; x_wconf 89' lang='lat' dir='ltr'><strong>et</strong></span> <span class='ocrx_word' id='word_1_73' title='bbox 1095 1113 1209 1144; x_wconf 85' lang='lat' dir='ltr'><strong>oves</strong></span> <span class='ocrx_word' id='word_1_74' title='bbox 1232 1106 1374 1160; x_wconf 90' lang='lat' dir='ltr'><strong>atque</strong></span> <span class='ocrx_word' id='word_1_75' title='bbox 1397 1098 1532 1162; x_wconf 90' lang='lat' dir='ltr'><strong>porci</strong></span> <span class='ocrx_word' id='word_1_76' title='bbox 1553 1097 1766 1145; x_wconf 88' lang='lat' dir='ltr'><strong>similiter</strong></span> <span class='ocrx_word' id='word_1_77' title='bbox 1784 1097 1938 1146; x_wconf 85' lang='lat' dir='ltr'><strong>facere</strong></span> 
     </span>
     <span class='ocr_line' id='line_1_12' title="bbox 518 1173 1937 1240; baseline -0.001 -16"><span class='ocrx_word' id='word_1_78' title='bbox 518 1184 881 1224; x_wconf 87' lang='lat' dir='ltr'><strong>consueverant.</strong></span> <span class='ocrx_word' id='word_1_79' title='bbox 911 1174 1004 1221; x_wconf 88' lang='lat' dir='ltr'><strong>Sed</strong></span> <span class='ocrx_word' id='word_1_80' title='bbox 1028 1191 1138 1221; x_wconf 93' lang='lat' dir='ltr'><strong>cum</strong></span> <span class='ocrx_word' id='word_1_81' title='bbox 1172 1175 1221 1221; x_wconf 90' lang='lat' dir='ltr'><strong>in</strong></span> <span class='ocrx_word' id='word_1_82' title='bbox 1246 1173 1384 1220; x_wconf 90' lang='lat' dir='ltr'><strong>dictis</strong></span> <span class='ocrx_word' id='word_1_83' title='bbox 1405 1174 1689 1239; x_wconf 89' lang='lat' dir='ltr'><strong>provinciis,</strong></span> <span class='ocrx_word' id='word_1_84' title='bbox 1717 1191 1807 1240; x_wconf 90' lang='lat' dir='ltr'><strong>pro</strong></span> <span class='ocrx_word' id='word_1_85' title='bbox 1836 1175 1937 1240; x_wconf 85' lang='lat' dir='ltr'><strong>agri</strong></span> 
     </span>
     <span class='ocr_line' id='line_1_13' title="bbox 516 1243 1937 1319; baseline 0 -17"><span class='ocrx_word' id='word_1_86' title='bbox 516 1254 784 1314; x_wconf 81' lang='lat' dir='ltr'><strong>latitudine,</strong></span> <span class='ocrx_word' id='word_1_87' title='bbox 815 1243 931 1300; x_wconf 79' lang='lat' dir='ltr'><strong>rarae</strong></span> <span class='ocrx_word' id='word_1_88' title='bbox 952 1254 1046 1300; x_wconf 91' lang='lat' dir='ltr'><strong>sint</strong></span> <span class='ocrx_word' id='word_1_89' title='bbox 1068 1252 1282 1300; x_wconf 90' lang='lat' dir='ltr'><strong>civitates</strong></span> <span class='ocrx_word' id='word_1_90' title='bbox 1303 1261 1350 1299; x_wconf 92' lang='lat' dir='ltr'><strong>et</strong></span> <span class='ocrx_word' id='word_1_91' title='bbox 1372 1251 1477 1299; x_wconf 88' lang='lat' dir='ltr'><strong>loca</strong></span> <span class='ocrx_word' id='word_1_92' title='bbox 1494 1253 1694 1314; x_wconf 85' lang='lat' dir='ltr'><strong>munita,</strong></span> <span class='ocrx_word' id='word_1_93' title='bbox 1714 1253 1937 1319; x_wconf 90' lang='lat' dir='ltr'><strong>equibus</strong></span> 
     </span>
     <span class='ocr_line' id='line_1_14' title="bbox 516 1331 1935 1398; baseline 0.001 -18"><span class='ocrx_word' id='word_1_94' title='bbox 516 1334 659 1381; x_wconf 90' lang='lat' dir='ltr'><strong>etiam</strong></span> <span class='ocrx_word' id='word_1_95' title='bbox 691 1332 827 1398; x_wconf 89' lang='lat' dir='ltr'><strong>plura</strong></span> <span class='ocrx_word' id='word_1_96' title='bbox 861 1331 1021 1379; x_wconf 86' lang='lat' dir='ltr'><strong>hostili</strong></span> <span class='ocrx_word' id='word_1_97' title='bbox 1045 1331 1312 1378; x_wconf 83' lang='lat' dir='ltr'><strong>vastatione</strong></span> <span class='ocrx_word' id='word_1_98' title='bbox 1336 1332 1554 1390; x_wconf 89' lang='lat' dir='ltr'><strong>incensa,</strong></span> <span class='ocrx_word' id='word_1_99' title='bbox 1581 1347 1743 1380; x_wconf 88' lang='lat' dir='ltr'><strong>eversa</strong></span> <span class='ocrx_word' id='word_1_100' title='bbox 1771 1347 1829 1380; x_wconf 87' lang='lat' dir='ltr'><strong>ac</strong></span> <span class='ocrx_word' id='word_1_101' title='bbox 1862 1333 1935 1381; x_wconf 89' lang='lat' dir='ltr'><strong>di-</strong></span> 
     </span>
     <span class='ocr_line' id='line_1_15' title="bbox 515 1408 1935 1477; baseline 0.001 -19"><span class='ocrx_word' id='word_1_102' title='bbox 515 1421 649 1477; x_wconf 88' lang='lat' dir='ltr'><strong>repta</strong></span> <span class='ocrx_word' id='word_1_103' title='bbox 686 1411 893 1469; x_wconf 87' lang='lat' dir='ltr'><strong>fuerant,</strong></span> <span class='ocrx_word' id='word_1_104' title='bbox 926 1408 1002 1457; x_wconf 90' lang='lat' dir='ltr'><strong>vel</strong></span> <span class='ocrx_word' id='word_1_105' title='bbox 1034 1408 1410 1457; x_wconf 88' lang='lat' dir='ltr'><strong>habitationibus</strong></span> <span class='ocrx_word' id='word_1_106' title='bbox 1449 1419 1667 1467; x_wconf 86' lang='lat' dir='ltr'><strong>vacuata,</strong></span> <span class='ocrx_word' id='word_1_107' title='bbox 1698 1409 1935 1460; x_wconf 89' lang='lat' dir='ltr'><strong>tantillum</strong></span> 
     </span>
     <span class='ocr_line' id='line_1_16' title="bbox 515 1487 1932 1553; baseline -0.001 -16"><span class='ocrx_word' id='word_1_108' title='bbox 515 1489 654 1549; x_wconf 91' lang='lat' dir='ltr'><strong>illud,</strong></span> <span class='ocrx_word' id='word_1_109' title='bbox 673 1488 806 1553; x_wconf 93' lang='lat' dir='ltr'><strong>quod</strong></span> <span class='ocrx_word' id='word_1_110' title='bbox 822 1488 968 1535; x_wconf 85' lang='lat' dir='ltr'><strong>veluti</strong></span> <span class='ocrx_word' id='word_1_111' title='bbox 987 1488 1149 1534; x_wconf 88' lang='lat' dir='ltr'><strong>furtim</strong></span> <span class='ocrx_word' id='word_1_112' title='bbox 1165 1487 1345 1534; x_wconf 90' lang='lat' dir='ltr'><strong>circum</strong></span> <span class='ocrx_word' id='word_1_113' title='bbox 1365 1488 1656 1535; x_wconf 89' lang='lat' dir='ltr'><strong>munitiones</strong></span> <span class='ocrx_word' id='word_1_114' title='bbox 1668 1487 1932 1551; x_wconf 81' lang='lat' dir='ltr'><strong>colebatur,</strong></span> 
     </span>
     <span class='ocr_line' id='line_1_17' title="bbox 516 1564 1936 1631; baseline 0.001 -18"><span class='ocrx_word' id='word_1_115' title='bbox 516 1567 770 1614; x_wconf 89' lang='lat' dir='ltr'><strong>minimum</strong></span> <span class='ocrx_word' id='word_1_116' title='bbox 793 1576 840 1613; x_wconf 90' lang='lat' dir='ltr'><strong>et</strong></span> <span class='ocrx_word' id='word_1_117' title='bbox 857 1582 1009 1630; x_wconf 89' lang='lat' dir='ltr'><strong>prope</strong></span> <span class='ocrx_word' id='word_1_118' title='bbox 1028 1564 1148 1611; x_wconf 92' lang='lat' dir='ltr'><strong>nihil</strong></span> <span class='ocrx_word' id='word_1_119' title='bbox 1166 1564 1433 1625; x_wconf 85' lang='lat' dir='ltr'><strong>videbatur,</strong></span> <span class='ocrx_word' id='word_1_120' title='bbox 1454 1565 1815 1631; x_wconf 87' lang='lat' dir='ltr'><strong>comparatione</strong></span> <span class='ocrx_word' id='word_1_121' title='bbox 1832 1581 1936 1615; x_wconf 85' lang='lat' dir='ltr'><strong>vas-</strong></span> 
     </span>
     <span class='ocr_line' id='line_1_18' title="bbox 513 1641 1932 1709; baseline 0.001 -20"><span class='ocrx_word' id='word_1_122' title='bbox 513 1643 807 1690; x_wconf 87' lang='lat' dir='ltr'><strong>tissimorum</strong></span> <span class='ocrx_word' id='word_1_123' title='bbox 833 1659 1083 1706; x_wconf 86' lang='lat' dir='ltr'><strong>agrorum,</strong></span> <span class='ocrx_word' id='word_1_124' title='bbox 1113 1642 1196 1706; x_wconf 91' lang='lat' dir='ltr'><strong>qui</strong></span> <span class='ocrx_word' id='word_1_125' title='bbox 1217 1641 1391 1690; x_wconf 84' lang='lat' dir='ltr'><strong>deserti</strong></span> <span class='ocrx_word' id='word_1_126' title='bbox 1414 1658 1609 1708; x_wconf 90' lang='lat' dir='ltr'><strong>prorsus</strong></span> <span class='ocrx_word' id='word_1_127' title='bbox 1630 1652 1677 1690; x_wconf 94' lang='lat' dir='ltr'><strong>et</strong></span> <span class='ocrx_word' id='word_1_128' title='bbox 1706 1643 1810 1709; x_wconf 77' lang='lat' dir='ltr'><strong>sine</strong></span> <span class='ocrx_word' id='word_1_129' title='bbox 1830 1642 1932 1690; x_wconf 88' lang='lat' dir='ltr'><strong>cul-</strong></span> 
     </span>
     <span class='ocr_line' id='line_1_19' title="bbox 513 1718 1081 1785; baseline 0.002 -20"><span class='ocrx_word' id='word_1_130' title='bbox 513 1719 698 1767; x_wconf 89' lang='lat' dir='ltr'><strong>toribus</strong></span> <span class='ocrx_word' id='word_1_131' title='bbox 721 1718 1081 1785; x_wconf 85' lang='lat' dir='ltr'><strong>permanebant.</strong></span> 
     </span>
    </p>
   </div>
   <div class='ocr_carea' id='block_1_4' title="bbox 1003 1922 1436 1968">
    <p class='ocr_par' dir='ltr' id='par_1_4' title="bbox 1003 1922 1436 1968">
     <span class='ocr_line' id='line_1_20' title="bbox 1003 1922 1436 1968; baseline -0.005 0"><span class='ocrx_word' id='word_1_132' title='bbox 1003 1922 1344 1968; x_wconf 88' lang='lat' dir='ltr'><strong>CAPITULUM</strong></span> <span class='ocrx_word' id='word_1_133' title='bbox 1379 1924 1436 1968; x_wconf 87' lang='lat'><strong>11.</strong></span> 
     </span>
    </p>
   </div>
   <div class='ocr_carea' id='block_1_5' title="bbox 776 2056 1656 2106">
    <p class='ocr_par' dir='ltr' id='par_1_5' title="bbox 776 2056 1656 2106">
     <span class='ocr_line' id='line_1_21' title="bbox 776 2056 1656 2106; baseline 0.003 -16"><span class='ocrx_word' id='word_1_134' title='bbox 776 2057 827 2091; x_wconf 91' lang='lat' dir='ltr'><strong>De</strong></span> <span class='ocrx_word' id='word_1_135' title='bbox 843 2056 953 2091; x_wconf 87' lang='lat' dir='ltr'><strong>causis</strong></span> <span class='ocrx_word' id='word_1_136' title='bbox 967 2065 1071 2092; x_wconf 84' lang='lat' dir='ltr'><strong>tantae</strong></span> <span class='ocrx_word' id='word_1_137' title='bbox 1089 2058 1290 2093; x_wconf 83' lang='lat' dir='ltr'><strong>vastationis</strong></span> <span class='ocrx_word' id='word_1_138' title='bbox 1305 2058 1405 2106; x_wconf 85' lang='lat' dir='ltr'><strong>regni</strong></span> <span class='ocrx_word' id='word_1_139' title='bbox 1423 2059 1656 2094; x_wconf 85' lang='lat' dir='ltr'><strong>Francorum.</strong></span> 
     </span>
    </p>
   </div>
   <div class='ocr_carea' id='block_1_6' title="bbox 497 2182 1926 2953">
    <p class='ocr_par' dir='ltr' id='par_1_6' title="bbox 497 2182 1926 2953">
     <span class='ocr_line' id='line_1_22' title="bbox 572 2182 1924 2245; baseline 0.002 -17"><span class='ocrx_word' id='word_1_140' title='bbox 572 2185 634 2228; x_wconf 90' lang='lat' dir='ltr'><strong>Ut</strong></span> <span class='ocrx_word' id='word_1_141' title='bbox 659 2182 800 2245; x_wconf 85' lang='lat' dir='ltr'><strong>igitur</strong></span> <span class='ocrx_word' id='word_1_142' title='bbox 822 2182 883 2229; x_wconf 89' lang='lat' dir='ltr'><strong>ad</strong></span> <span class='ocrx_word' id='word_1_143' title='bbox 905 2199 1091 2241; x_wconf 87' lang='lat' dir='ltr'><strong>causas,</strong></span> <span class='ocrx_word' id='word_1_144' title='bbox 1119 2183 1249 2230; x_wconf 86' lang='lat' dir='ltr'><strong>unde</strong></span> <span class='ocrx_word' id='word_1_145' title='bbox 1280 2193 1384 2231; x_wconf 89' lang='lat' dir='ltr'><strong>orta</strong></span> <span class='ocrx_word' id='word_1_146' title='bbox 1416 2194 1462 2231; x_wconf 90' lang='lat' dir='ltr'><strong>et</strong></span> <span class='ocrx_word' id='word_1_147' title='bbox 1496 2193 1657 2231; x_wconf 89' lang='lat' dir='ltr'><strong>secuta</strong></span> <span class='ocrx_word' id='word_1_148' title='bbox 1687 2183 1775 2230; x_wconf 82' lang='lat' dir='ltr'><strong>fuit</strong></span> <span class='ocrx_word' id='word_1_149' title='bbox 1795 2193 1924 2232; x_wconf 84' lang='lat' dir='ltr'><strong>tanta</strong></span> 
     </span>
     <span class='ocr_line' id='line_1_23' title="bbox 506 2258 1925 2327; baseline 0.004 -21"><span class='ocrx_word' id='word_1_150' title='bbox 506 2258 764 2318; x_wconf 89' lang='lat' dir='ltr'><strong>desolatio,</strong></span> <span class='ocrx_word' id='word_1_151' title='bbox 801 2262 1051 2326; x_wconf 86' lang='lat' dir='ltr'><strong>specialius</strong></span> <span class='ocrx_word' id='word_1_152' title='bbox 1089 2262 1424 2310; x_wconf 85' lang='lat' dir='ltr'><strong>memorandas</strong></span> <span class='ocrx_word' id='word_1_153' title='bbox 1462 2272 1605 2327; x_wconf 91' lang='lat' dir='ltr'><strong>atque</strong></span> <span class='ocrx_word' id='word_1_154' title='bbox 1651 2262 1925 2312; x_wconf 86' lang='lat' dir='ltr'><strong>referendas</strong></span> 
     </span>
     <span class='ocr_line' id='line_1_24' title="bbox 502 2338 1926 2405; baseline 0.004 -22"><span class='ocrx_word' id='word_1_155' title='bbox 502 2338 766 2397; x_wconf 88' lang='lat' dir='ltr'><strong>veniamus,</strong></span> <span class='ocrx_word' id='word_1_156' title='bbox 790 2339 858 2384; x_wconf 89' lang='lat' dir='ltr'><strong>uti</strong></span> <span class='ocrx_word' id='word_1_157' title='bbox 877 2338 1049 2386; x_wconf 93' lang='lat' dir='ltr'><strong>Carolo</strong></span> <span class='ocrx_word' id='word_1_158' title='bbox 1066 2341 1127 2385; x_wconf 86' lang='lat' dir='ltr'><strong>Vl</strong></span> <span class='ocrx_word' id='word_1_159' title='bbox 1146 2339 1238 2386; x_wconf 84' lang='lat' dir='ltr'><strong>vita</strong></span> <span class='ocrx_word' id='word_1_160' title='bbox 1256 2339 1437 2398; x_wconf 84' lang='lat' dir='ltr'><strong>functo,</strong></span> <span class='ocrx_word' id='word_1_161' title='bbox 1458 2340 1656 2387; x_wconf 89' lang='lat' dir='ltr'><strong>Carolus</strong></span> <span class='ocrx_word' id='word_1_162' title='bbox 1668 2342 1751 2387; x_wconf 88' lang='lat' dir='ltr'><strong>V11</strong></span> <span class='ocrx_word' id='word_1_163' title='bbox 1768 2350 1926 2405; x_wconf 87' lang='lat' dir='ltr'><strong>spreta</strong></span> 
     </span>
     <span class='ocr_line' id='line_1_25' title="bbox 504 2415 1924 2481; baseline 0.004 -20"><span class='ocrx_word' id='word_1_164' title='bbox 504 2431 559 2462; x_wconf 87' lang='lat' dir='ltr'><strong>ac</strong></span> <span class='ocrx_word' id='word_1_165' title='bbox 584 2415 783 2480; x_wconf 82' lang='lat' dir='ltr'><strong>paenitus</strong></span> <span class='ocrx_word' id='word_1_166' title='bbox 806 2415 977 2477; x_wconf 85' lang='lat' dir='ltr'><strong>rejecta</strong></span> <span class='ocrx_word' id='word_1_167' title='bbox 995 2417 1142 2481; x_wconf 88' lang='lat' dir='ltr'><strong>patris</strong></span> <span class='ocrx_word' id='word_1_168' title='bbox 1164 2417 1236 2463; x_wconf 90' lang='lat' dir='ltr'><strong>sui</strong></span> <span class='ocrx_word' id='word_1_169' title='bbox 1258 2417 1654 2478; x_wconf 83' lang='lat' dir='ltr'><strong>exhaeredatione,</strong></span> <span class='ocrx_word' id='word_1_170' title='bbox 1681 2434 1710 2465; x_wconf 91' lang='lat' dir='ltr'><strong>a</strong></span> <span class='ocrx_word' id='word_1_171' title='bbox 1731 2418 1924 2467; x_wconf 89' lang='lat' dir='ltr'><strong>Francis</strong></span> 
     </span>
     <span class='ocr_line' id='line_1_26' title="bbox 502 2492 1924 2562; baseline 0.004 -23"><span class='ocrx_word' id='word_1_172' title='bbox 502 2509 591 2558; x_wconf 93' lang='lat' dir='ltr'><strong>pro</strong></span> <span class='ocrx_word' id='word_1_173' title='bbox 614 2509 723 2555; x_wconf 84' lang='lat' dir='ltr'><strong>rege</strong></span> <span class='ocrx_word' id='word_1_174' title='bbox 745 2492 936 2540; x_wconf 90' lang='lat' dir='ltr'><strong>habitus</strong></span> <span class='ocrx_word' id='word_1_175' title='bbox 958 2503 1054 2553; x_wconf 90' lang='lat' dir='ltr'><strong>est,</strong></span> <span class='ocrx_word' id='word_1_176' title='bbox 1081 2494 1144 2540; x_wconf 87' lang='lat' dir='ltr'><strong>ita</strong></span> <span class='ocrx_word' id='word_1_177' title='bbox 1166 2503 1212 2541; x_wconf 88' lang='lat' dir='ltr'><strong>et</strong></span> <span class='ocrx_word' id='word_1_178' title='bbox 1234 2495 1363 2559; x_wconf 92' lang='lat' dir='ltr'><strong>apud</strong></span> <span class='ocrx_word' id='word_1_179' title='bbox 1383 2495 1556 2559; x_wconf 85' lang='lat' dir='ltr'><strong>Anglos</strong></span> <span class='ocrx_word' id='word_1_180' title='bbox 1572 2505 1685 2544; x_wconf 90' lang='lat' dir='ltr'><strong>tunc</strong></span> <span class='ocrx_word' id='word_1_181' title='bbox 1702 2495 1924 2562; x_wconf 84' lang='lat' dir='ltr'><strong>impubes</strong></span> 
     </span>
     <span class='ocr_line' id='line_1_27' title="bbox 502 2570 1923 2636; baseline 0.004 -20"><span class='ocrx_word' id='word_1_182' title='bbox 502 2570 754 2629; x_wconf 90' lang='lat' dir='ltr'><strong>Henricus,</strong></span> <span class='ocrx_word' id='word_1_183' title='bbox 795 2571 1004 2632; x_wconf 84' lang='lat' dir='ltr'><strong>Henrici,</strong></span> <span class='ocrx_word' id='word_1_184' title='bbox 1039 2587 1185 2634; x_wconf 91' lang='lat' dir='ltr'><strong>quem</strong></span> <span class='ocrx_word' id='word_1_185' title='bbox 1214 2571 1492 2619; x_wconf 90' lang='lat' dir='ltr'><strong>defunctum</strong></span> <span class='ocrx_word' id='word_1_186' title='bbox 1515 2573 1738 2636; x_wconf 82' lang='lat' dir='ltr'><strong>diximus,</strong></span> <span class='ocrx_word' id='word_1_187' title='bbox 1782 2573 1923 2622; x_wconf 81' lang='lat' dir='ltr'><strong>unica</strong></span> 
     </span>
     <span class='ocr_line' id='line_1_28' title="bbox 500 2650 1918 2719; baseline 0.003 -21"><span class='ocrx_word' id='word_1_188' title='bbox 500 2650 681 2717; x_wconf 89' lang='lat' dir='ltr'><strong>proles,</strong></span> <span class='ocrx_word' id='word_1_189' title='bbox 718 2667 807 2716; x_wconf 91' lang='lat' dir='ltr'><strong>pro</strong></span> <span class='ocrx_word' id='word_1_190' title='bbox 839 2651 1093 2699; x_wconf 90' lang='lat' dir='ltr'><strong>amborum</strong></span> <span class='ocrx_word' id='word_1_191' title='bbox 1131 2668 1390 2716; x_wconf 86' lang='lat' dir='ltr'><strong>regnorum</strong></span> <span class='ocrx_word' id='word_1_192' title='bbox 1419 2654 1626 2702; x_wconf 82' lang='lat' dir='ltr'><strong>Franciae</strong></span> <span class='ocrx_word' id='word_1_193' title='bbox 1658 2663 1705 2702; x_wconf 88' lang='lat' dir='ltr'><strong>et</strong></span> <span class='ocrx_word' id='word_1_194' title='bbox 1741 2652 1918 2719; x_wconf 83' lang='lat' dir='ltr'><strong>Angliae</strong></span> 
     </span>
     <span class='ocr_line' id='line_1_29' title="bbox 499 2730 1919 2794; baseline 0.002 -17"><span class='ocrx_word' id='word_1_195' title='bbox 499 2747 611 2794; x_wconf 86' lang='lat' dir='ltr'><strong>rege</strong></span> <span class='ocrx_word' id='word_1_196' title='bbox 648 2746 698 2777; x_wconf 90' lang='lat' dir='ltr'><strong>se</strong></span> <span class='ocrx_word' id='word_1_197' title='bbox 737 2730 901 2794; x_wconf 84' lang='lat' dir='ltr'><strong>gessit,</strong></span> <span class='ocrx_word' id='word_1_198' title='bbox 944 2730 1192 2793; x_wconf 90' lang='lat' dir='ltr'><strong>utriusque</strong></span> <span class='ocrx_word' id='word_1_199' title='bbox 1227 2731 1418 2779; x_wconf 85' lang='lat' dir='ltr'><strong>titulum</strong></span> <span class='ocrx_word' id='word_1_200' title='bbox 1462 2731 1550 2779; x_wconf 88' lang='lat' dir='ltr'><strong>sibi</strong></span> <span class='ocrx_word' id='word_1_201' title='bbox 1584 2748 1830 2780; x_wconf 86' lang='lat' dir='ltr'><strong>assumens</strong></span> <span class='ocrx_word' id='word_1_202' title='bbox 1874 2739 1919 2780; x_wconf 74' lang='lat' dir='ltr'><strong>et</strong></span> 
     </span>
     <span class='ocr_line' id='line_1_30' title="bbox 498 2806 1919 2874; baseline 0.001 -20"><span class='ocrx_word' id='word_1_203' title='bbox 498 2824 694 2855; x_wconf 90' lang='lat' dir='ltr'><strong>nomen.</strong></span> <span class='ocrx_word' id='word_1_204' title='bbox 725 2807 896 2872; x_wconf 88' lang='lat' dir='ltr'><strong>Angliae</strong></span> <span class='ocrx_word' id='word_1_205' title='bbox 919 2823 1033 2855; x_wconf 87' lang='lat' dir='ltr'><strong>vero</strong></span> <span class='ocrx_word' id='word_1_206' title='bbox 1057 2824 1256 2871; x_wconf 86' lang='lat' dir='ltr'><strong>regnum</strong></span> <span class='ocrx_word' id='word_1_207' title='bbox 1277 2818 1323 2855; x_wconf 90' lang='lat' dir='ltr'><strong>et</strong></span> <span class='ocrx_word' id='word_1_208' title='bbox 1345 2809 1607 2874; x_wconf 88' lang='lat' dir='ltr'><strong>impuberis</strong></span> <span class='ocrx_word' id='word_1_209' title='bbox 1630 2809 1751 2873; x_wconf 87' lang='lat' dir='ltr'><strong>regis</strong></span> <span class='ocrx_word' id='word_1_210' title='bbox 1776 2806 1919 2856; x_wconf 81' lang='lat' dir='ltr'><strong>tutela</strong></span> 
     </span>
     <span class='ocr_line' id='line_1_31' title="bbox 497 2885 1917 2953; baseline 0.001 -20"><span class='ocrx_word' id='word_1_211' title='bbox 497 2902 583 2951; x_wconf 88' lang='lat' dir='ltr'><strong>per</strong></span> <span class='ocrx_word' id='word_1_212' title='bbox 602 2885 871 2934; x_wconf 82' lang='lat' dir='ltr'><strong>Glocestriae</strong></span> <span class='ocrx_word' id='word_1_213' title='bbox 893 2885 1091 2947; x_wconf 85' lang='lat' dir='ltr'><strong>ducem,</strong></span> <span class='ocrx_word' id='word_1_214' title='bbox 1116 2896 1342 2951; x_wconf 88' lang='lat' dir='ltr'><strong>patruum</strong></span> <span class='ocrx_word' id='word_1_215' title='bbox 1368 2902 1534 2948; x_wconf 82' lang='lat' dir='ltr'><strong>suum,</strong></span> <span class='ocrx_word' id='word_1_216' title='bbox 1562 2904 1617 2936; x_wconf 90' lang='lat' dir='ltr'><strong>ac</strong></span> <span class='ocrx_word' id='word_1_217' title='bbox 1642 2887 1777 2952; x_wconf 86' lang='lat' dir='ltr'><strong>regni</strong></span> <span class='ocrx_word' id='word_1_218' title='bbox 1798 2886 1917 2953; x_wconf 91' lang='lat' dir='ltr'><strong>opti-</strong></span> 
     </span>
    </p>
   </div>
   <div class='ocr_carea' id='block_1_7' title="bbox 2070 1645 2086 2130">
    <p class='ocr_par' dir='ltr' id='par_1_7' title="bbox 2070 1645 2086 2130">
     <span class='ocr_line' id='line_1_32' title="bbox 2070 1645 2086 2130; textangle 90"><span class='ocrx_word' id='word_1_219' title='bbox 2070 2086 2086 2130; x_wconf 41' lang='grc' dir='ltr'><strong>εἴ</strong></span> <span class='ocrx_word' id='word_1_220' title='bbox 2074 2006 2086 2076; x_wconf 37' lang='grc' dir='ltr'><strong>ηΑ-«ῌ-</strong></span> <span class='ocrx_word' id='word_1_221' title='bbox 2075 1915 2086 1997; x_wconf 59' lang='lat' dir='ltr'><strong>&gt;am-v</strong></span> <span class='ocrx_word' id='word_1_222' title='bbox 2074 1844 2086 1907; x_wconf 59' lang='lat' dir='ltr'><strong>cm...</strong></span> <span class='ocrx_word' id='word_1_223' title='bbox 2084 1814 2086 1821; x_wconf 90' lang='lat'>.</span> <span class='ocrx_word' id='word_1_224' title='bbox 2078 1744 2086 1806; x_wconf 38' lang='grc' dir='ltr'><strong>ἡ.-.</strong></span> <span class='ocrx_word' id='word_1_225' title='bbox 2075 1703 2086 1726; x_wconf 50' lang='grc' dir='ltr'><strong>,κ</strong></span> <span class='ocrx_word' id='word_1_226' title='bbox 2077 1645 2082 1658; x_wconf 52' lang='lat'><strong>⁴</strong></span> 
     </span>
    </p>
   </div>
  </div>
 </body>
</html>
