2086 3528
476 340 553 376 140
849 336 1200 375 HISTORIARUM
1230 335 1411 374 CAROLI
1441 336 1512 373 VII

475 438 621 486 quam
644 418 1002 468 defendendam
1026 419 1252 466 dominus
1272 418 1333 466 de
1363 416 1569 476 Talebot‚
1587 433 1751 465 comes
1771 414 1896 464 Che-

474 498 811 556 rosberiensiS,
855 496 1035 543 ducum
1070 495 1254 559 ,Angliae
1290 497 1509 543 omnium
1546 494 1898 542 strenuissimus

473 590 618 643 atque
642 577 1012 636 audacissimus,
1037 574 1153 622 bina
1177 575 1280 622 vice
1302 575 1363 623 de
1386 574 1685 638 Rothomago
1710 572 1897 620 adven-

474 656 619 716 tavit,
654 655 876 702 victualia
908 663 955 700 et
978 652 1150 699 milites
1181 669 1304 717 quos
1335 652 1527 701 volebat
1562 651 1823 699 immittens
1845 649 1896 697 in

473 733 730 798 oppidum.
771 735 895 779 Cum
930 747 1044 778 vero
1082 739 1235 777 castra
1269 731 1378 778 satis
1407 731 1594 779 munita
1626 728 1897 777 obsessores

471 809 707 858 haberent
727 848 738 870 ,
767 828 822 858 ex
859 825 955 856 una
986 807 1184 873 quidem
1215 817 1348 873 parte
1375 808 1424 854 in
1453 824 1549 872 qua
1574 824 1654 855 rex
1687 814 1815 866 erat,
1844 805 1894 852 in

474 889 766 936 monasterio
805 887 1137 951 religiosarum
1182 885 1327 950 vulgo
1370 886 1430 934 de
1465 883 1756 934 Malo-Rubo
1796 883 1896 931 sive

472 969 656 1015 Dumo¹
687 976 997 1032 nuncupato,
1037 982 1095 1012 ex
1129 964 1278 1012 altera
1304 980 1419 1011 vero
1459 963 1669 1011 fluminis
1702 963 1806 1028 ripa
1844 962 1895 1009 in

474 1046 767 1093 monasterio
797 1045 962 1092 Sancti
983 1043 1197 1103 Martini,
1236 1042 1286 1089 in
1321 1059 1420 1107 quo
1450 1042 1742 1104 Ludovicus,
1772 1041 1896 1106 regis

471 1122 597 1170 filius
613 1159 625 1182 ,
653 1140 765 1170 curn
790 1123 951 1170 multis
975 1121 1178 1168 militum
1200 1120 1405 1168 ducibus
1433 1120 1626 1168 famosis
1649 1129 1770 1180 erat,
1804 1136 1896 1167 nec

471 1200 608 1264 Angli
621 1210 775 1248 castra
787 1204 1080 1247 Francorum
1095 1198 1337 1260 invadere,
1357 1215 1447 1245 nec
1462 1199 1565 1245 vice
1579 1213 1713 1246 versa
1730 1196 1895 1245 Franci

471 1294 498 1324 e
521 1279 682 1326 castris
707 1279 768 1326 ad
793 1278 1133 1326 debellandum
1157 1278 1399 1340 Anglicos,
1426 1293 1511 1342 per
1532 1285 1747 1342 patentes
1766 1290 1895 1322 cam-

469 1372 560 1420 pos
594 1356 948 1420 adequitantes,
986 1356 1113 1403 exire
1157 1365 1473 1417 attentarunt;
1511 1354 1596 1402 sed
1635 1353 1895 1418 Anglorum

469 1433 676 1498 impetus
719 1435 876 1497 sagaci
906 1434 1134 1499 patientia
1161 1432 1475 1492 declinantes,
1511 1433 1558 1480 in
1598 1433 1695 1480 suis
1729 1422 1894 1480 mane-

468 1509 589 1558 bant
621 1513 801 1559 castris.
851 1512 1114 1576 Anglorum
1152 1528 1266 1559 vero
1306 1511 1561 1572 exercitus,
1599 1527 1712 1558 cum
1739 1525 1893 1557 anno-

468 1604 610 1650 nam,
641 1590 733 1636 nisi
761 1606 906 1654 quam
945 1606 1107 1636 secum
1142 1589 1440 1649 detulissent,
1476 1589 1674 1637 minime
1709 1587 1758 1634 in
1794 1596 1894 1635 tota

467 1666 546 1714 illa
570 1668 725 1732 patria
750 1668 963 1716 invenire
998 1678 1195 1733 possent
1212 1706 1224 1730 ,
1256 1668 1414 1716 statim
1438 1667 1500 1715 ad
1523 1684 1606 1715 sua
1628 1665 1783 1714 redire
1812 1682 1910 1720 ur-<

469 1742 723 1806 gebantur.

511 1824 682 1870 Mansit
694 1824 852 1888 itaque
863 1834 910 1871 et
923 1823 1454 1888 duravithujuscemodi
1471 1823 1679 1872 obsessio
1694 1840 1780 1888 per
1791 1821 1894 1889 plu-

466 1916 540 1948 res
559 1918 767 1963 menses,
789 1903 964 1966 quibus
985 1902 1256 1950 labentibus
1269 1940 1281 1964 ,
1303 1920 1361 1950 ex
1386 1902 1550 1967 Anglia
1572 1902 1757 1950 circiter
1778 1917 1891 1948 cum

466 1977 632 2026 decem
662 1980 872 2028 millibus
903 1991 1227 2044 armatorum,
1254 1982 1473 2029 omnium
1499 1982 1548 2028 in
1573 1981 1708 2046 equis
1729 1989 1891 2028 vecto·-

465 2071 603 2118 rum,
630 2057 724 2104 dux
754 2057 955 2105 Eboraci
975 2060 1014 2119 ²,
1044 2075 1155 2105 cum
1179 2059 1338 2105 multis
1359 2057 1615 2105 comitibus
1641 2067 1688 2104 et
1713 2055 1890 2104 nobili-

463 2132 555 2199 bus
579 2137 715 2198 regni
748 2136 923 2201 Angliae
950 2137 1226 2184 transmisso
1260 2136 1404 2195 mari,
1433 2136 1495 2182 ad
1523 2136 1683 2183 littora
1707 2134 1891 2201 appulit

464 2214 784 2260 Normanniae.
814 2214 1069 2262 Descendit
1091 2224 1249 2261 autem
1274 2213 1404 2279 apud
1426 2214 1750 2273 Haressutum,
1777 2212 1883 2274 ubi,

463 2306 574 2337 cum
598 2291 757 2338 adhuc
779 2292 1082 2339 obsidionem
1102 2292 1233 2358 apud
1254 2292 1551 2340 Pontisaram
1568 2292 1741 2339 durare
1758 2308 1889 2339 com-

463 2368 700 2432 periisset,
733 2385 928 2434 sperans
961 2369 1163 2416 obsessis
1201 2385 1340 2434 posse
1375 2368 1642 2429 subveniri,
1677 2385 1886 2435 propero

463 2464 602 2494 cursu
647 2447 839 2494 advolat
876 2464 997 2503 ουτω
1020 2464 1106 2495 sua
1143 2464 1270 2494 nova
1299 2446 1465 2494 militia
1511 2448 1882 2512 Rothomagum.

463 2527 572 2582 Quo
607 2524 715 2572 loco
741 2542 853 2572 cum
897 2525 1047 2572 tribus
1081 2535 1163 2572 aut
1198 2535 1405 2589 quatuor
1436 2525 1607 2573 diebus
1641 2526 1888 2575 dumtaxat

461 2619 573 2650 suos
609 2602 940 2664 refocillasset,
986 2620 1095 2650 cum
1126 2602 1256 2650 dicto
1288 2603 1489 2651 domino
1523 2603 1584 2651 de
1615 2602 1810 2651 Talebot
1839 2612 1886 2652 et
1945 2598 1949 2607 ’

518 2731 553 2766 1.
587 2727 850 2768 Maubuisson.
869 2731 947 2767 Des
961 2727 1064 2767 deux
1079 2728 1221 2768 formes
1240 2729 1375 2768 latines
1390 2730 1598 2782 proposees
1616 2743 1687 2783 par
1701 2731 1880 2784 l'auteur‚

462 2788 496 2827 la
516 2788 698 2828 derniere
716 2798 774 2828 est
791 2790 828 2828 la
845 2789 952 2828 seule
970 2789 1038 2840 qui
1056 2789 1129 2828 soit
1145 2790 1350 2829 consacree
1368 2803 1439 2843 par
1453 2790 1508 2829 les
1527 2791 1649 2833 titi-es.

520 2850 558 2888 2.
590 2852 644 2888 Le
675 2849 751 2889 duc
775 2849 920 2893 d'York
936 2881 947 2901 ,
973 2849 1057 2901 deja
1084 2850 1305 2891 mentionne
1324 2851 1539 2902 ci-dessus,
1559 2866 1600 2905 p.
1623 2855 1714 2893 131.

2072 1243 2086 1405 hindam.»
2070 1197 2086 1230 v?
2069 1088 2086 1177 ‹nest-³
2064 1033 2086 1074 ..·.“
2071 986 2074 1000 ’
