2086 3528
564 405 641 440 244
939 401 1285 439 HISTORIARUM
1315 402 1498 439 CAROLI
1522 401 1592 437 VII

567 484 800 531 iianientis
821 482 1043 530 decorata
1069 482 1245 528 exsistit
1261 518 1272 539 ,
1301 492 1349 529 ut
1382 483 1458 528 vix
1477 482 1526 528 in
1551 490 1649 528 tota
1674 479 1824 529 Gallia
1839 515 1852 538 ,
1879 496 1976 527 nou

566 561 711 607 modo
741 558 935 606 secundi
971 558 1147 622 gradus
1167 558 1454 618 nobilitatis,
1482 557 1565 605 sed
1587 574 1677 604 nec
1708 557 1830 620 regis
1848 593 1861 615 ‚
1890 573 1979 623 pro

564 655 648 686 sua
683 636 1010 701 magnitudine
1047 646 1094 683 et
1130 637 1418 700 capacitate,
1462 636 1635 682 domus
1670 635 1884 683 ornatior
1925 651 1981 683 ac

565 713 943 777 magnificentior
965 713 1100 759 facile
1123 723 1277 777 posset
1305 713 1524 760 inveniri.

627 794 747 839 Cum
759 792 900 855 igitur
919 791 1059 837 tantis
1075 789 1341 837 abundaret
1364 789 1537 855 opibus
1559 800 1605 837 et
1624 789 1819 849 divitiis,
1842 798 1981 836 esset-

562 886 654 934 que
675 869 790 932 regii
810 868 1009 914 honoris
1025 883 1080 914 ac
1098 868 1242 914 totius
1261 869 1394 931 regni
1413 878 1459 914 et
1476 867 1746 933 reipublicae
1766 866 1980 914 utilitatis

562 946 929 1003 zelantissimus‚
957 946 1005 991 in
1036 955 1166 992 tanta
1184 945 1454 1010 reipublicae
1478 947 1751 993 necessitate
1773 961 1871 993 non
1897 944 1979 992 de·

563 1025 647 1071 fuit
666 1042 679 1081 ;
705 1024 806 1084 sed,
832 1022 1050 1088 pluribus
1071 1040 1126 1070 ex
1145 1023 1468 1086 magnatibus,
1488 1024 1570 1086 qui
1590 1023 1837 1087 largitione
1854 1024 1979 1087 regia

562 1101 735 1166 opibus
772 1110 908 1148 erant
948 1099 1262 1160 refertissimi,
1303 1100 1517 1164 inopiam
1551 1099 1906 1159 simulantibus,
1933 1109 1980 1146 et

563 1179 700 1226 falsas
732 1194 787 1224 ac
818 1177 1009 1223 frivolas
1041 1177 1365 1223 excusationes
1396 1175 1725 1234 afferentibus,
1753 1193 1978 1240 magnum

562 1257 664 1302 auri
694 1255 885 1320 pondus
909 1254 1034 1301 ultro
1058 1255 1153 1317 regi
1187 1263 1515 1300 mutuaturum
1542 1271 1592 1301 se
1614 1253 1815 1315 obtulit,
1847 1254 1979 1309 exhi-

563 1333 757 1397 buitque
788 1332 1072 1398 pecuniam,
1118 1347 1223 1395 quae
1259 1331 1320 1378 ad
1358 1348 1596 1377 summam
1626 1332 1752 1394 circa
1785 1341 1977 1379 centum

563 1410 710 1457 millia
730 1419 975 1457 scutorum
989 1408 1090 1455 auri
1113 1407 1370 1455 ascendere
1387 1407 1642 1465 ferebatur,
1659 1409 1708 1454 in
1726 1417 1824 1455 tam
1843 1425 1978 1456 sanc-

561 1499 664 1535 tum
691 1485 1194 1553 pernecessariumque
1235 1502 1356 1550 opus
1401 1484 1791 1532 convertendam.
1833 1486 1979 1550 Cujus

561 1565 887 1612 subventionis
911 1563 1111 1620 auxilio,
1137 1562 1362 1628 praedicta
1380 1562 1559 1627 oppida
1580 1562 1780 1623 Falesia,
1807 1561 1979 1611 deinde

560 1653 767 1690 castrum
793 1641 1215 1705 Dompni-Frontis
1243 1649 1290 1686 et
1315 1640 1569 1686 novissime
1606 1639 1979 1704 Burgi-Caesaris

561 1721 749 1768 obsessa
766 1720 970 1766 fuerunt.
992 1722 1041 1764 ln
1058 1718 1231 1782 quibus
1251 1717 1361 1764 licet
1384 1718 1455 1781 (in
1486 1717 1662 1765 Falesia
1684 1716 1977 1782 praesertim)

560 1808 716 1845 essent
755 1813 929 1860 magna
977 1796 1233 1859 Anglorum
1278 1796 1518 1860 praesidia,
1560 1812 1670 1843 cum
1707 1796 1775 1842 eis
1817 1805 1975 1843 tamen

559 1893 668 1941 spes
703 1875 870 1921 solatia
899 1885 1040 1938 atque
1076 1890 1328 1920 succursus
1362 1873 1423 1920 ab
1454 1873 1617 1936 Anglia
1652 1871 1977 1937 consequendi

559 1955 761 2001 omnino
783 1953 946 2000 deerat
963 1954 991 2010 ¹,
1024 1951 1188 1998 validis
1216 1951 1494 1998 militaribus
1523 1940 1673 2016 copiis
1702 1949 1976 1998 horrendis-

558 2048 652 2095 que
675 2030 952 2078 bombardis
978 2046 1032 2076 ac
1056 2028 1288 2075 machinis
1303 2028 1551 2075 coarctatis
1565 2064 1577 2086 ,
1599 2027 1660 2075 ad
1682 2026 1975 2074 deditionem

557 2108 678 2155 infra
708 2108 916 2173 spatium
938 2107 1123 2153 circiter
1151 2105 1359 2152 duorum
1390 2105 1624 2152 mensium
1648 2113 1811 2152 coacta
1838 2113 1971 2165 sunt,

558 2196 604 2233 et
627 2202 652 2232 a
675 2188 966 2231 Francorum
990 2199 1099 2246 rege
1122 2191 1327 2247 recepta.

622 2262 794 2309 Mirum
811 2271 971 2308 autem
995 2259 1133 2306 valde
1158 2259 1266 2319 fuit,
1295 2269 1342 2306 et
1367 2258 1524 2305 multis
1551 2268 1678 2306 retro
1701 2257 1878 2305 saeculis
1899 2258 1974 2305 in-

556 2339 799 2396 auditum,
831 2337 993 2401 quod,
1025 2354 1132 2384 cum
1165 2335 1226 2383 ad
1255 2335 1627 2401 expugnandum
1650 2335 1974 2383 Caesaris-Bur·

557 2433 695 2481 gum,
719 2415 996 2462 bombardae
1021 2431 1120 2461 non
1146 2414 1234 2461 nisi
1255 2415 1302 2460 in
1330 2430 1471 2461 arena
1491 2451 1503 2474 ,
1535 2430 1641 2478 quae
1662 2423 1733 2462 est
1751 2414 1799 2461 in
1817 2413 1973 2461 littore

557 2493 723 2549 maris,
751 2491 1006 2539 commode
1031 2491 1195 2539 situari
1230 2501 1450 2555 possent,
1488 2507 1632 2555 quam
1659 2491 1813 2538 fluxus
1835 2490 1974 2537 mari·

555 2589 645 2619 nus
679 2570 752 2618 bis
785 2568 1001 2633 quolibet
1037 2569 1114 2615 die
1151 2569 1426 2615 naturaliter
1461 2568 1673 2616 ascendit
1709 2568 1772 2616 ad
1812 2566 1971 2615 altitu-

555 2650 718 2697 dinem
755 2648 961 2713 plurium
1003 2645 1274 2693 cubitorum
1296 2683 1307 2705 ‚
1344 2645 1409 2692 ibi
1460 2646 1772 2693 nihilominus
1807 2644 1972 2693 locatoe

555 2726 831 2790 situataeque
859 2724 1074 2783 fuerunt,
1100 2731 1199 2769 arte
1222 2722 1416 2770 inventa
1435 2739 1528 2787 qua
1545 2759 1557 2780 ,
1585 2721 1892 2788 operimentis
1914 2737 1970 2769 ex

609 2896 645 2931 1.
678 2897 782 2931 Dans
805 2892 840 2930 le
862 2890 1090 2938 manuscrit,
1111 2892 1357 2940 consequendi
1379 2895 1505 2928 omnia
1527 2891 1688 2939 validis,
1705 2898 1774 2930 etc.

1996 0 2086 181 Ἰ
