2086 3528
801 332 947 373 LlBER
974 334 1205 383 QUINTUS.
1647 337 1722 374 315

306 419 597 484 postulatus,
628 418 679 464 in
707 433 945 466 carcerem
978 419 1149 469 missus
1180 427 1252 466 est
1272 421 1284 443 ¹
1310 433 1366 466 ac
1394 417 1479 466 diu
1505 418 1725 469 detentus

234 497 239 502 '
306 513 364 545 ac
387 505 596 545 servatus
618 496 668 543 in
688 506 842 543 castro
866 496 926 543 de
946 498 1180 562 Lusignen
1199 497 1417 546 Pictaviae
1431 499 1460 543 ².
1488 496 1559 549 Ad
1581 513 1725 566 quem

306 575 496 634 locum,
532 591 621 640 pro
657 575 803 639 ipsius
836 591 1063 640 processu
1098 584 1146 622 et
1178 574 1608 644 condemnatione,
1645 590 1727 622 rex

307 670 536 718 magnum
571 653 907 700 consistorium
937 654 952 677 ³
985 653 1268 700 convocavit
1306 652 1473 717 (quod
1507 651 1728 702 nonnulli

308 731 482 783 solium
525 748 608 779 seu
655 731 864 798 lectum.
903 731 979 779 vel
1022 741 1182 778 torum
1213 731 1404 795 justitiae
1442 730 1586 794 vulgo
1634 730 1729 779 dici

308 809 529 874 volunt),
552 810 600 858 in
625 827 722 875 quo
738 848 750 872 ‚
773 808 1018 856 submissis
1042 808 1358 869 delatoribus,
1391 809 1475 873 qui
1505 807 1729 857 eumdem

309 888 630 952 argentarium
661 896 940 935 accusarent
971 885 1104 951 quod
1135 886 1185 934 in
1214 886 1311 933 suis
1335 886 1492 948 galleis
1523 901 1656 937 arma
1685 894 1733 935 et

309 980 490 1019 merces
517 964 781 1032 prohibitas
803 964 863 1011 ad
888 963 1105 1012 infideles
1130 962 1398 1023 detulisset,
1425 962 1565 1009 simul
1589 962 1731 1012 etiam

309 1043 686 1108 repetundarum
719 1060 828 1091 reus
861 1041 1207 1107 postulabatur,
1241 1051 1288 1089 et
1316 1040 1448 1106 quod
1478 1040 1733 1088 nonnullas

241 1133 245 1140 “
309 1121 536 1189 pecunias
570 1121 619 1168 in
657 1121 810 1186 patria
847 1120 1121 1180 Occitana⁴,
1155 1117 1239 1166 ubi
1273 1118 1732 1166 administrationem

309 1197 490 1263 largam
520 1198 776 1258 habuerat,
811 1197 973 1245 illicite
1011 1213 1066 1245 ac
1102 1197 1265 1244 furtim
1301 1213 1330 1244 a
1363 1194 1735 1261 provincialibus

311 1276 598 1329 extorsisset.
649 1275 725 1324 Ob
760 1293 863 1341 quae
891 1285 937 1323 et
969 1274 1204 1323 nonnulla
1236 1274 1350 1333 alia,
1388 1290 1494 1338 quae
1528 1272 1736 1323 conficta

311 1353 373 1401 ab
401 1354 580 1402 aemulis
605 1354 767 1419 potius
792 1370 939 1418 quam
959 1369 1071 1400 vera
1097 1369 1125 1399 a
1144 1352 1362 1417 plurimis
1387 1350 1732 1408 credebantur,

312 1432 457 1485 tacito
493 1431 726 1481 veneficio
765 1431 995 1497 praedicto
1019 1466 1034 1490 ‚
1069 1429 1516 1481 condemnatoriam
1545 1437 1735 1480 senten—

312 1509 429 1562 tiam
450 1509 730 1575 reportavit.

378 1589 500 1635 Cum
533 1595 693 1634 autem
725 1585 809 1633 diu
836 1586 887 1632 in
916 1583 1047 1632 dicto
1072 1593 1228 1633 castro
1257 1583 1419 1632 fixisset
1446 1591 1733 1644 asservatus²

311 1665 532 1726 tandem,
567 1673 795 1731 corrupta
822 1662 1068 1724 custodia,
1102 1662 1215 1727 fuga
1238 1662 1413 1721 evasit,
1451 1670 1498 1708 et
1532 1660 1740 1707 diversas

313 1744 365 1792 in
393 1743 589 1791 diversis
616 1743 751 1806 regni
784 1741 1002 1808 partibus
1034 1739 1256 1789 ecclesias
1282 1741 1546 1805 ingressus,
1577 1754 1740 1786 conse-

315 1821 518 1888 quendae
550 1821 865 1868 immunitatis
903 1836 1073 1879 causa,
1111 1818 1307 1870 tandem
1342 1817 1592 1882 cujusdam
1622 1832 1739 1863 con·

314 1910 486 1953 ventus
528 1902 746 1947 Fratrum
785 1899 1029 1947 Minor-um
1081 1897 1131 1944 in
1173 1894 1550 1956 Bello—Quadro,
1597 1909 1741 1959 supra

314 1977 443 2042 ripas
463 1976 683 2024 Rhodani
700 1978 731 2034 ⁵,
750 1976 861 2023 satis
885 1975 967 2022 diu
993 1974 1156 2023 accola
1179 1974 1288 2032 fuit,
1312 1983 1360 2021 et
1381 1972 1500 2021 inibi
1515 2010 1526 2032 ‚
1555 1972 1741 2019 vinctus

315 2054 479 2108 ferreis
509 2053 851 2119 compedibus,
886 2052 1167 2110 custoditus.
1206 2050 1301 2098 Sed
1336 2052 1448 2097 cum
1483 2049 1741 2114 quemdam

318 2133 407 2187 sihi
425 2132 755 2181 fidelissimum
778 2131 1060 2179 servitorem
1077 2129 1345 2191 habuisset,
1371 2138 1419 2176 et
1439 2128 1596 2193 ipsum
1620 2127 1744 2174 Bitu-

319 2212 554 2266 ricensem
569 2247 581 2271 ,
606 2209 918 2260 Guillelmum
949 2210 1096 2256 Varie
1118 2207 1461 2268 nominatum⁶‚
1486 2204 1618 2252 idem
1639 2220 1742 2253 ser-

376 2370 415 2407 1.
444 2368 568 2420 Apres
586 2380 657 2407 son
674 2365 902 2406 arrestation
919 2366 940 2404 a
959 2362 1226 2415 Taillebourg,
1245 2360 1283 2401 le
1303 2362 1347 2399 31
1361 2358 1488 2410 juillet
1502 2359 1622 2397 1451.

375 2430 414 2467 2.
444 2429 500 2466 Le
517 2427 680 2466 chasteau
695 2426 744 2466 de
757 2425 953 2478 Lusignan
968 2454 978 2473 ‚
1003 2438 1053 2463 en
1070 2423 1219 2462 Poitou.

378 2490 416 2527 3.
446 2490 506 2526 En
525 2488 602 2526 mai
622 2490 741 2528 1453.

377 2551 417 2587 4.
447 2551 552 2586 Dans
569 2548 605 2586 le
623 2560 718 2599 pays
734 2547 783 2586 de
799 2544 1046 2598 Languedoc.

379 2611 417 2647 5.
449 2607 657 2646 Beaucaire
675 2620 742 2645 sur
758 2607 795 2645 le
813 2606 963 2646 Rhene.

379 2671 417 2707 6.
449 2670 633 2709 L’auteur
663 2666 830 2706 confond
862 2666 912 2704 ici
940 2666 1044 2705 deux
1066 2675 1328 2717 personnages
1352 2660 1420 2712 qui
1447 2658 1746 2712 s'employerent

326 2731 348 2767 a
371 2729 409 2766 la
433 2727 653 2765 delivrance
678 2726 726 2765 de
745 2729 909 2778 Jacques
929 2729 1059 2775 Coeur,
1078 2725 1297 2765 Guillaume
1317 2721 1365 2760 de
1383 2724 1508 2771 Varye
1530 2728 1568 2758 et
1583 2722 1682 2758 Jean
1697 2718 1745 2757 de

325 2787 488 2839 Village.
511 2789 611 2826 C’est
628 2789 650 2823 J
653 2799 724 2824 ean
743 2786 792 2824 de
809 2786 957 2838 Village
973 2785 1041 2838 qui
1060 2785 1150 2824 ctait
1167 2783 1267 2822 natis
1279 2781 1327 2820 de
1345 2785 1517 2831 Bourges
1533 2778 1653 2830 etqui
1671 2777 1746 2816 alla

327 2847 496 2900 prendre
528 2849 692 2898 Jacques
724 2847 837 2885 Coeur
870 2859 949 2885 aux
990 2845 1206 2885 Cordeliers
1239 2842 1288 2882 de
1325 2840 1546 2883 Beaucaire.
1584 2838 1677 2878 Voir
1709 2837 1746 2874 la
