2086 3528
536 374 585 410 58
911 373 1253 412 HISTORIARUM
1279 374 1460 413 CAROLI
1486 376 1555 412 VII

535 456 737 520 pulavit;
770 466 815 503 et
837 457 1053 519 quamvis
1075 457 1307 522 capitanei
1329 468 1469 523 atque
1491 459 1635 506 duces
1659 459 1936 524 Anglorum,

534 551 592 581 eo
615 533 749 598 quod
780 533 896 580 dum
917 534 1042 598 ipsos
1063 535 1241 598 Anglici
1262 536 1620 602 apprehendere
1642 532 1935 602 potuissent,

531 611 633 658 sine
657 610 754 657 ulla
785 610 1084 657 miseratione
1106 611 1452 660 interficiebant
1468 651 1480 674 ‚
1507 614 1709 662 multum
1731 631 1854 669 curae
1880 633 1938 665 ac

531 688 782 752 diligentiae
803 705 936 753 poene
953 705 1137 753 semper
1159 687 1410 738 habuerint
1426 702 1479 738 ut
1500 687 1937 760 hujusmodi'pesti-

530 765 728 812 lentium
751 765 957 812 ferarum
989 782 1159 829 genere
1184 767 1478 830 provinciam
1500 780 1837 835 expurgarent,
1871 771 1937 823 ita

529 853 580 889 ut
603 859 929 907 quoscumque
951 860 1007 889 ex
1035 844 1101 890 eis
1124 844 1530 908 comprehendere
1561 857 1783 913 poterant
1806 847 1934 900 illico

529 920 671 967 furcis
693 937 747 968 ac
767 920 991 986 patibulis
1010 919 1254 983 affigerent
1277 957 1288 981 ,
1315 939 1561 988 nunquam
1584 934 1743 972 tamen
1771 941 1934 974 semen

527 998 643 1046 illud
679 999 772 1047 ulla
803 998 1046 1062 diligentia
1072 998 1147 1045 vel
1175 1009 1274 1047 arte
1302 1002 1613 1050 exterminare
1642 1012 1930 1068 potuerunt,

526 1076 757 1140 quamdiu
782 1077 1123 1123 Normanniam
1143 1077 1446 1125 incoluerunt
1465 1095 1519 1126 ac
1540 1089 1813 1129 tenuerunt.

590 1157 765 1200 Verum
790 1154 829 1200 si
850 1154 1046 1218 quidem
1069 1164 1116 1201 et
1141 1156 1466 1220 experimento
1488 1156 1672 1220 liquido
1694 1157 1931 1223 approba-

524 1242 626 1278 tum
648 1231 900 1278 consilium
925 1231 1079 1292 fuerit,
1098 1233 1225 1296 quod
1251 1233 1445 1297 quidam
1469 1234 1690 1282 sacerdos
1705 1238 1934 1284 Norman-

523 1311 611 1356 niae
641 1310 763 1356 inter
793 1309 1011 1373 Anglicos
1039 1310 1215 1375 plureS,
1242 1311 1290 1357 in
1329 1328 1490 1358 mensa
1514 1311 1702 1374 sedens,
1727 1312 1793 1360 eis
1817 1331 1933 1379 prae-

520 1385 639 1432 buit.
676 1389 802 1432 Dum
845 1387 974 1433 enim
1016 1387 1140 1434 inter
1174 1404 1222 1434 se
1271 1387 1332 1434 de
1368 1387 1646 1451 hujusmodi
1689 1388 1932 1454 Brigandis

520 1475 855 1529 quererentur,
886 1465 1303 1530 colloquendoque
1338 1483 1731 1531 unumquemque
1763 1484 1931 1518 eorum

520 1540 603 1604 qui
630 1556 802 1586 mensae
823 1539 1074 1587 adstabant
1092 1541 1389 1605 requirerent
1403 1551 1457 1587 ut
1472 1557 1607 1588 suam
1627 1541 1805 1589 diceret
1821 1544 1931 1608 opi-

519 1615 733 1676 nionem,
757 1633 966 1680 quanam
986 1618 1059 1664 via
1082 1634 1163 1664 seu
1181 1618 1372 1682 ingenio
1389 1617 1720 1681 hujuscemodi
1741 1620 1930 1684 nequis-

516 1693 692 1740 simum
713 1694 967 1742 hominum
985 1713 1132 1759 genus
1151 1713 1179 1743 a
1193 1697 1355 1761 patriae
1377 1696 1552 1743 finibus
1572 1697 1719 1744 arceri
1742 1708 1923 1763 posset,

516 1787 623 1818 cum
650 1774 976 1838 unusquisque
1003 1773 1282 1838 Anglorum,
1312 1791 1434 1822 unus
1458 1791 1621 1836 unam,
1647 1773 1766 1822 alius
1787 1775 1928 1825 aliam

516 1851 799 1898 sententiam
822 1850 1029 1912 dixisset,
1056 1851 1252 1898 tandem
1275 1851 1338 1900 ad
1360 1852 1492 1899 illum
1511 1852 1698 1899 bonum
1721 1852 1928 1919 presby-

514 1935 671 1973 terum
694 1927 952 1974 deventum
976 1938 1061 1990 est,
1082 1930 1182 1992 qui,
1209 1930 1464 1993 requisitus
1494 1939 1546 1976 ut
1580 1939 1627 1976 et
1657 1930 1758 1995 ipse
1791 1947 1926 1980 suam

514 2005 654 2052 etiam
679 2005 855 2053 diceret
880 2007 1179 2068 sententiam,
1206 2007 1365 2055 multis
1389 2007 1644 2072 propositis
1662 2009 1926 2057 excusatio-

513 2082 676 2144 nibus,
711 2084 910 2148 rogabat
945 2095 999 2132 ut
1029 2085 1158 2132 velut
1192 2086 1354 2133 talium
1389 2102 1551 2132 rerum
1583 2086 1748 2149 ignaro
1781 2096 1925 2152 atque

512 2159 760 2226 inexperto
784 2172 1074 2227 parceretur,
1094 2179 1207 2210 cum
1232 2179 1320 2210 nec
1347 2161 1627 2210 sacerdotali
1641 2162 1924 2226 professioni

511 2240 787 2287 conveniret
800 2240 860 2287 de
883 2240 1048 2288 talium
1074 2241 1453 2289 facinorosorum
1476 2239 1717 2304 suppliciis
1738 2239 1920 2308 discep-

509 2326 624 2364 tare.
662 2320 782 2365 Cum
809 2336 918 2366 vero
943 2320 1252 2368 nihilominus
1276 2328 1523 2382 urgeretur
1558 2327 1610 2364 ut
1641 2320 1922 2370 sententiam

507 2394 701 2455 diceret,
721 2407 882 2460 rogata
897 2398 1104 2463 primum
1116 2415 1170 2446 ac
1187 2397 1422 2463 postulata
1434 2396 1573 2443 venia
1588 2404 1655 2454 ut,
1671 2395 1709 2441 si
1723 2397 1839 2460 quid
1852 2398 1922 2447 in-

506 2472 674 2520 sulsius
697 2474 893 2534 diceret,
911 2493 1004 2523 suae
1017 2476 1292 2540 ignorantiae
1309 2483 1598 2540 parceretur,
1619 2489 1724 2537 quae
1741 2473 1801 2521 ab
1818 2492 1922 2525 om-

507 2549 647 2598 nibus
671 2550 765 2598 illic
787 2552 1082 2601 adstantibus
1105 2569 1328 2601 concessa
1348 2552 1434 2598 suit
1452 2588 1463 2611 ,
1485 2566 1635 2597 unum
1660 2549 1750 2598 sibi
1772 2551 1921 2601 videri

506 2644 645 2693 posse
681 2631 862 2694 apponi
887 2641 933 2678 et
955 2648 1200 2696 superesse
1232 2629 1494 2680 remedium
1521 2627 1654 2687 dixit,
1677 2628 1716 2675 si
1739 2629 1920 2694 Anglici

507 2721 673 2753 omnes
691 2706 841 2754 Gallia
870 2708 1169 2770 excederent,
1198 2718 1246 2756 et
1268 2709 1313 2754 in
1336 2706 1566 2770 Angliam,
1590 2706 1749 2754 natale
1764 2707 1920 2756 solum

507 2800 673 2830 eorum
688 2819 700 2843 ‚
742 2784 975 2847 redirent;
1024 2796 1137 2834 tunc
1177 2786 1303 2833 enim
1322 2822 1333 2844 ‚
1377 2782 1544 2850 procul
1584 2782 1732 2832 dubio
1747 2822 1760 2846 ,
1806 2785 1920 2852 ipsis

506 2860 812 2924 abeuntibus,
849 2864 991 2912 simul
1028 2875 1074 2912 et
1107 2864 1327 2929 Brigandi
1360 2866 1408 2912 in
1444 2876 1568 2915 terra
1598 2882 1697 2914 esse
1718 2863 1920 2914 desiste-
