2086 3528
733 371 878 410 LIBER
904 372 1124 412 TERTIUS.
1568 374 1645 414 149

232 456 359 506 diem
394 466 441 504 et
474 455 634 504 locum
652 492 664 516 ‚
702 455 763 503 de
791 456 888 502 suis
913 455 1185 503 diffidentes
1211 455 1416 519 viribus,
1451 457 1650 505 minime

233 536 333 583 ausi
348 545 458 582 sunt
473 550 768 599 comparere.
796 536 903 581 Non
924 535 1052 582 enim
1073 545 1190 582 tunc
1209 535 1260 582 in
1283 534 1420 582 terris
1441 535 1651 584 illistan-

229 623 329 662 tam
351 629 547 660 manum
568 611 774 660 militum
800 611 1026 660 tenebant
1041 649 1053 673 ‚
1087 629 1193 678 quae
1217 612 1279 660 ad
1303 629 1424 678 opus
1453 623 1552 661 tam
1581 631 1652 662 ar-

231 689 383 736 duum
406 687 644 736 sufficiens
662 704 765 736 esse
788 698 966 754 posset.
989 689 1128 737 Unde
1150 688 1330 737 obsessi
1355 689 1652 738 deditionem

230 765 498 814 absolutam
514 803 527 828 ,
557 783 616 814 eo
643 765 777 831 quod
800 766 997 814 minime
1021 767 1227 833 protecti
1250 767 1472 828 fuissent,
1499 768 1653 816 facere

230 844 382 893 coacti
402 853 514 892 sunt
530 881 542 905 ,
571 854 618 892 et
640 845 690 891 in
715 843 1009 893 deditionem
1040 845 1198 894 Caroli
1227 846 1520 894 transierunt
1541 862 1653 894 cum

229 920 480 970 nonnullis
511 922 712 971 castellis
735 922 836 970 aliis
857 923 1038 971 vicinis.

676 1090 1019 1136 CAPITULUM
1055 1091 1198 1137 XVII.

301 1209 356 1245 De
385 1208 610 1257 expeditione
630 1222 757 1257 magna
783 1222 890 1257 quam
917 1209 1017 1256 prior
1041 1208 1114 1245 dux
1141 1209 1367 1246 Summerseti
1387 1210 1524 1258 traJecit
1546 1209 1583 1244 in

836 1270 1035 1306 Franciam.

303 1372 374 1417 Eo
396 1379 555 1418 autem
578 1385 711 1434 paene
733 1377 950 1434 tempore
964 1405 977 1430 ,
1012 1369 1211 1434 quidam
1233 1369 1493 1433 Anglorum
1521 1371 1657 1436 prin-

240 1463 378 1513 ceps,
401 1447 500 1494 dux
524 1447 867 1507 Summerseti¹‚
889 1464 1013 1494 unus
1037 1464 1095 1494 ex
1116 1447 1376 1510 majoribus
1402 1448 1536 1510 regni
1559 1451 1656 1495 An-

238 1525 357 1590 gliae,
380 1525 530 1573 homo
558 1525 720 1573 animo
746 1525 868 1572 ultra
898 1525 1099 1572 modum
1133 1523 1281 1572 elatus
1319 1535 1366 1572 et
1400 1541 1659 1591 praesump-

249 1613 432 1664 tuosus,
457 1603 542 1650 sed
564 1604 613 1650 in
634 1618 779 1668 opere
800 1611 847 1649 et
869 1601 1042 1649 effectu
1062 1617 1213 1648 vanus
1244 1611 1291 1648 et
1311 1601 1503 1665 efficax,
1524 1603 1659 1651 duxit

234 1685 284 1731 in
318 1681 664 1729 Normanniam
701 1696 929 1744 magnum
959 1689 1006 1727 et
1030 1688 1276 1745 potentem
1309 1681 1568 1728 exercitum
1600 1698 1656 1728 ex

206 1760 548 1810 aordinatione
585 1775 842 1825 procerum
881 1758 1014 1822 regni
1050 1758 1245 1822 Angliae3
1279 1758 1454 1823 quibus
1486 1776 1660 1823 magna

239 1838 378 1904 quaed
388 1854 467 1886 am
487 1847 535 1884 et
557 1836 775 1884 miranda
798 1853 848 1884 se
877 1837 1114 1885 facturum
1141 1837 1193 1882 in
1216 1837 1412 1884 Francia
1437 1854 1659 1903 spopon-

237 1917 372 1964 derat
389 1952 404 1976 ,
431 1916 470 1962 si
492 1914 583 1962 sihi
606 1914 806 1962 ducatus
827 1913 1005 1961 militiae
1028 1913 1295 1976 Anglicanae
1312 1914 1586 1962 crederetur
1613 1925 1660 1963 et

236 1995 578 2047 comitteretur.
599 1993 755 2055 Unde,
773 2009 885 2040 cum
901 1993 997 2039 suis
1014 1992 1412 2058 promissionibus
1427 1993 1486 2040 ab
1501 1993 1661 2058 Anglis

238 2074 356 2122 fides
379 2084 427 2121 et
464 2073 672 2120 assensio
695 2081 996 2137 praestaretur
1016 2108 1028 2131 ‚
1069 2070 1277 2118 obtinuit
1309 2082 1362 2119 ut
1394 2072 1489 2119 dux
1513 2073 1660 2120 totius

238 2153 470 2202 exercitus
492 2161 746 2200 crearetur.
773 2151 938 2215 Igitur,
969 2161 1136 2215 parata
1159 2151 1306 2198 classe
1329 2151 1452 2198 ultra
1479 2163 1661 2200 trecen-

246 2242 403 2280 tarum
427 2231 622 2279 navium
645 2229 695 2276 in
719 2228 877 2276 littore
917 2228 1210 2292 Anglicano,
1240 2239 1287 2276 et
1319 2229 1552 2278 instructo
1585 2247 1661 2278 ar-

248 2312 362 2371 mis,
388 2310 522 2375 equis
537 2347 549 2370 ,
576 2309 849 2373 caeterisque
869 2308 930 2356 ad
953 2319 1237 2374 apparatum
1253 2308 1364 2356 belli
1386 2311 1662 2358 necessariis

243 2391 452 2439 exercitu
470 2427 482 2450 ‚
510 2406 621 2437 cum
654 2405 740 2436 sua
765 2387 911 2436 classe
938 2389 1215 2436 transmisso
1248 2388 1401 2450 freto,
1434 2389 1663 2455 applicuit

245 2469 307 2516 ad
323 2467 650 2516 ultimosfines
669 2467 990 2529 Normanniae,
1018 2467 1079 2514 ad
1099 2467 1333 2532 oppidum
1352 2484 1435 2515 seu
1455 2477 1662 2514 castrum

246 2548 323 2595 cui
358 2564 537 2595 nomen
561 2557 631 2594 est
653 2548 1101 2612 Caesaris-Burgus'.
1142 2546 1235 2594 Ubi
1268 2564 1378 2595 cum
1405 2548 1664 2595 exercitum

306 2689 325 2726 1
337 2717 345 2726 .
378 2686 479 2726 John
496 2685 677 2726 Beausort
693 2690 792 2737 (non
809 2702 878 2741 pas
898 2691 1033 2737 Henry
1051 2698 1201 2725 comme
1222 2686 1249 2724 il
1268 2699 1291 2725 a
1309 2686 1368 2724 ete'
1388 2685 1442 2723 dit
1461 2684 1665 2731 ci-dessus‚

254 2761 293 2800 p.
316 2748 414 2797 133)
428 2776 438 2795 ,
467 2747 598 2799 prince
618 2747 670 2786 du
689 2761 783 2801 sang
808 2748 856 2786 de
873 2751 1093 2786 Lancastre.
1115 2748 1174 2784 On
1192 2746 1372 2798 l'appelle
1387 2749 1498 2795 prior
1519 2743 1612 2782 dans
1629 2743 1666 2782 le

257 2807 344 2845 titre
362 2819 462 2859 pour
479 2807 516 2845 le
539 2807 749 2860 distinguer
767 2807 815 2847 de
835 2821 904 2847 son
924 2807 1025 2846 frere
1039 2804 1053 2855 ‚⁴
1072 2806 1147 2845 duc
1165 2805 1213 2844 de
1232 2809 1424 2846 Somerset
1441 2804 1552 2856 apres
1574 2804 1643 2843 lui.

306 2873 346 2914 2,
376 2869 615 2923 Cherbourg.
640 2873 694 2911 Le
717 2873 791 2912 duc
809 2871 858 2912 de
877 2872 1070 2910 Somerset
1086 2885 1112 2922 y
1131 2868 1277 2909 aborda
1299 2882 1347 2907 en
1366 2868 1457 2906 aout
1477 2867 1595 2906 1443.
