2086 3528
511 369 587 408 202
893 367 1236 410 HISTORIARUM
1263 369 1444 407 CAROLI
1470 370 1541 407 VII

509 447 743 499 horarum
756 449 988 515 spatium,
1015 449 1175 514 plures
1199 450 1261 502 ad
1280 466 1391 498 eum
1411 451 1555 515 hujus
1577 450 1645 498 rei
1667 450 1823 498 nuntii
1844 449 1925 499 ka·

511 528 744 592 nerunt),
765 544 827 574 ex
851 528 1076 575 moestitia
1115 544 1248 594 paene
1266 544 1442 577 ‘versus
1476 539 1546 577 est
1572 530 1622 576 in
1647 530 1925 584 amentiam.

512 610 625 654 Erat
639 605 801 652 adhuc
822 606 935 652 satis
956 622 1098 653 mane
1113 642 1125 665 ‚
1151 615 1270 670 puto
1298 605 1420 655 hora
1440 607 1578 672 quasi
1598 608 1801 672 septima
1818 610 1930 654 ante

511 683 779 733 meridiem.
809 683 946 730 Unde
966 684 1112 731 veluti
1134 701 1193 732 ex
1213 693 1348 749 parte
1375 683 1579 733 furiosus
1596 695 1685 733 aut
1704 687 1927 748 insnum,

509 762 573 809 ad
597 778 709 809 suos
726 761 1005 809 excitandos
1016 799 1028 823 ,
1049 761 1132 826 qui
1150 761 1370 809 nondum
1389 779 1415 810 e
1432 763 1528 810 suis
1539 764 1699 811 stratis
1718 777 1933 812 surrexe-

512 851 644 900 rant,
670 857 757 906 per
788 849 995 887 castrum
1018 839 1402 904 Rothomagense
1430 840 1723 904 discurrens,
1749 840 1934 890 clama-

512 918 596 966 bat
618 934 1011 983 unumquemque
1034 917 1369 984 compellans².
1390 919 1604 970 Mittebat
1624 930 1671 967 et
1699 936 1786 986 per
1815 919 1931 968 civi-

514 1005 661 1044 tatem
685 995 747 1043 ad
775 995 965 1043 diversa
986 996 1093 1043 loca
1111 1033 1123 1057 ,
1148 995 1211 1043 ad
1236 995 1411 1059 Anglos
1434 995 1658 1044 militares
1686 996 1935 1061 cogendos

510 1083 561 1120 et
585 1073 646 1121 ad
668 1073 903 1138 quasdam
927 1072 1194 1135 naviculas,
1222 1090 1327 1137 quae
1350 1074 1397 1120 in
1421 1083 1564 1138 portu
1584 1073 1833 1138 jacebant,
1857 1089 1934 1121 ar-

513 1150 714 1198 mandas
744 1158 889 1215 atque
926 1151 1213 1199 muniendas
1235 1188 1248 1213 ‚
1266 1167 1467 1216 >sperans
1487 1150 1647 1199 adhuc
1670 1150 1935 1200 remedium

512 1224 711 1289 aliquod
739 1225 1056 1288 defensionis,
1079 1242 1180 1290 quo
1204 1225 1365 1273 hostes
1387 1226 1571 1292 oppido
1597 1225 1672 1274 vel
1694 1240 1804 1274 arce
1823 1225 1938 1291 pul·-

511 1299 749 1358 lerentur‚
781 1317 923 1364 posse
966 1300 1165 1366 apponi.
1195 1304 1312 1348 Nam
1338 1299 1607 1348 referebant
1626 1298 1855 1347 nonnulli
1878 1313 1938 1348 ex

514 1373 570 1420 iis
588 1375 670 1438 qui
693 1374 806 1422 inde
825 1376 1107 1439 aufugerant
1120 1412 1133 1436 ,
1155 1384 1370 1440 tempore
1386 1375 1459 1422 sui
1481 1375 1740 1435 discessus,
1766 1372 1939 1422 vidisse

515 1450 675 1498 adhuc
696 1451 934 1517 quosdam
954 1469 1014 1500 ex
1039 1453 1244 1516 Anglicis
1265 1452 1447 1516 aliquas
1469 1462 1625 1501 turres
1655 1460 1842 1513 tenere,
1866 1459 1939 1499 at-

514 1546 610 1593 quc
625 1529 880 1599 adversum
896 1530 1058 1578 hostes
1073 1530 1348 1579 defendere.
1367 1530 1463 1578 Sed
1477 1547 1590 1579 cum
1606 1528 1936 1596 postmodum,

514 1606 651 1677 brevi
684 1608 875 1658 morula
909 1617 1144 1658 transacta
1161 1644 1174 1668 ‚
1208 1609 1269 1657 ad
1296 1619 1481 1657 certum
1513 1609 1787 1657 nuntiatum
1819 1616 1941 1655 esset

517 1692 668 1730 totam
691 1683 786 1731 loci
819 1684 1140 1731 munitionem
1158 1683 1221 1731 ab
1245 1683 1465 1732 hostibus
1492 1691 1775 1749 occupatam
1803 1681 1934 1743 fore,

572 1864 611 1899 1.
642 1860 790 1900 Robert
808 1860 968 1900 Blondel
987 1861 1117 1910 ajoute
1138 1875 1189 1900 au
1209 1861 1364 1900 tableau
1385 1862 1434 1901 de
1454 1862 1492 1902 la
1511 1862 1639 1901 coiere
1657 1860 1710 1901 du
1725 1860 1823 1903 mari
1840 1860 1940 1903 celui

517 1922 570 1962 du
588 1922 786 1974 desespoir
806 1922 854 1961 de
873 1935 914 1961 sa
933 1923 1074 1962 femme
1094 1937 1102 1959 :
1129 1940 1145 1958 «
1161 1923 1274 1961 Calor
1300 1922 1537 1963 incredibilis
1559 1931 1598 1961 et
1621 1936 1765 1963 moeror
1781 1920 1936 1964 inaudi-

518 1991 599 2031 tus,
637 1991 749 2021 tantae
782 1982 838 2020 rei
865 1982 1058 2031 novitate,
1106 1982 1297 2021 ducissam
1333 1991 1372 2021 et
1404 1983 1629 2023 universam
1653 1982 1838 2027 familiam
1865 1995 1940 2034 op·-

518 2042 669 2094 pressit.
698 2044 789 2080 Haec
818 2042 890 2079 tori
922 2042 1030 2080 ducis
1054 2055 1211 2081 consors
1230 2041 1358 2080 adhuc
1378 2042 1480 2080 lecto
1503 2041 1716 2090 accubans,
1732 2041 1842 2080 velut
1861 2041 1941 2080 fre·-

517 2102 600 2140 nesi
631 2110 785 2153 arrepta
807 2109 844 2139 et
863 2101 1086 2140 matronalis
1104 2101 1264 2153 pudoris
1286 2100 1404 2139 oblita
1419 2132 1428 2148 ‚
1442 2101 1546 2139 nuda
1559 2101 1600 2139 in
1613 2100 1782 2147 camisia,
1796 2099 1942 2152 absque

518 2170 664 2200 secreta
700 2161 850 2210 tunica,
887 2175 909 2199 a
934 2161 1053 2201 cubili
1079 2161 1265 2213 prosiliit,
1291 2169 1328 2199 et
1346 2161 1461 2200 anxio
1480 2161 1614 2199 dolore
1633 2168 1848 2208 commota,
1870 2173 1941 2198 ex-

518 2221 657 2259 clamat
684 2237 691 2259 :
727 2239 746 2256 «ι
766 2223 890 2270 Hujus
920 2222 1080 2260 ducatus
1118 2221 1247 2260 omnia
1278 2232 1451 2273 possessa
1480 2220 1563 2259 haec
1591 2232 1808 2258 aerumnosa
1841 2218 1943 2258 villae

523 2299 541 2315 ιι
563 2282 688 2335 captio
723 2281 763 2319 in
793 2282 1052 2320 miserandam
1083 2281 1363 2334 perditionem,
1399 2289 1556 2329 cuncta,
1585 2293 1663 2317 non
1697 2286 1941 2331 exspectata,

523 2359 540 2375 «
563 2339 710 2379 trahet!
733 2359 748 2374 n
774 2343 825 2378 At
852 2354 1074 2393 quanquam
1102 2341 1266 2379 adversa
1296 2347 1421 2388 sorte,
1453 2352 1531 2377 non
1559 2338 1802 2377 mediocriter
1825 2334 1944 2377 Galus

518 2400 677 2449 infesta,
703 2401 955 2449 cruciaretur,
984 2410 1110 2439 tamen
1141 2414 1233 2453 erga
1249 2400 1471 2453 magistrum
1489 2397 1705 2436 Johannem
1725 2399 1942 2449 Tyffeigne,

521 2459 712 2497 medicum
740 2459 918 2508 Gallum,
945 2469 1035 2498 tunc
1071 2461 1169 2499 hanc
1197 2461 1237 2498 in
1275 2460 1442 2498 thalamo
1472 2459 1712 2507 visitantem,
1748 2457 1944 2513 egregiam

521 2518 678 2558 retinuit
715 2518 910 2570 pietatem.
953 2522 1042 2557 Haec
1081 2519 1259 2558 maritum
1290 2530 1525 2571 cognoscens
1548 2517 1720 2557 adversis
1740 2517 1942 2565 insanum,

522 2578 555 2618 si
590 2576 753 2630 usquam*
776 2578 867 2618 huic
901 2580 999 2618 forte
1039 2587 1282 2627 occurreret,
1315 2578 1508 2617 medicum
1548 2577 1758 2617 crudeliter
1782 2583 1944 2619 necatu-

521 2653 608 2678 rum
629 2670 638 2690 ,
660 2638 911 2691 quamobrem
947 2640 1047 2679 inter
1075 2639 1241 2679 cortinas
1262 2638 1335 2678 tori
1358 2638 1527 2686 latitare,
1551 2646 1594 2676 ut
1622 2637 1736 2677 saluti
1765 2636 1944 2679 consule-

522 2709 602 2747 ret,
639 2708 677 2738 et
706 2699 889 2738 abscondi
934 2699 1064 2747 jussit,
1113 2699 1235 2737 donec
1279 2698 1509 2736 furibundus
1538 2698 1680 2747 conjux
1706 2697 1889 2736 aliorsum
1921 2707 1945 2734 a

522 2759 698 2798 conclavi
729 2760 907 2800 evaserit.
939 2760 1078 2814 Anglia
1111 2759 1213 2798 enim
1236 2758 1375 2811 impios
1394 2758 1498 2796 viros
1519 2766 1557 2796 et
1575 2756 1797 2806 malefidos,
1816 2754 1946 2795 foemi-

522 2830 592 2856 nas
633 2832 728 2858 vero
755 2819 895 2873 pietate
923 2818 1093 2873 insignes
1122 2826 1159 2858 et
1182 2817 1282 2857 bene
1315 2818 1410 2856 fidas
1445 2817 1557 2870 parit.
1592 2834 1610 2852 n
1647 2819 1814 2855 Assertio
1840 2816 1944 2856 Nor-

522 2883 698 2927 manniae,
720 2878 746 2918 Ι.
768 2881 802 2928 1,
823 2893 857 2918 c.
876 2893 963 2918 vm.
