2086 3528
1923 0 2086 262 «η

520 388 572 425 24
887 385 1232 425 HISTORIARUM
1259 387 1442 426 CAROLI
1469 388 1538 425 VII

519 469 650 517 unde
675 468 911 517 creditum
934 478 1006 515 est
1032 468 1160 516 hanc
1183 468 1370 518 cladem
1394 471 1584 519 Francis
1609 471 1836 519 divinitus
1856 471 1936 518 in-

518 548 697 594 flictam
724 563 814 611 pro
833 546 1012 594 meritis
1044 546 1343 611 impietatum
1368 557 1415 595 et
1437 548 1795 609 crudelitatum,
1820 564 1939 614 quas

488 657 489 660 =
518 634 621 671 tum
636 624 686 670 in
714 624 889 671 multos
907 659 919 683 ,
943 632 1046 670 tum
1065 623 1309 688 potissime
1325 625 1376 672 in
1397 625 1520 673 illius
1540 627 1673 674 urbis
1691 628 1938 682 eversione

517 714 662 768 atque
680 719 926 751 sacrorum
947 702 1233 769 direptione,
1249 706 1606 755 commiserant.
1621 710 1693 755 De
1712 723 1811 772 quo
1828 723 1937 756 sen-

516 786 600 834 tiet
634 786 836 850 quisque
863 794 1009 850 prout
1041 784 1272 846 voluerit3
1314 802 1404 834 nos
1443 788 1572 835 enim
1594 805 1756 836 rerum
1786 797 1937 854 gesta·

515 879 624 911 rum
654 862 864 911 veridica
889 863 1165 910 narratione
1197 864 1413 912 contenti
1429 901 1442 926 ‚
1475 881 1647 914 arcana
1670 866 1938 915 Divinitatis

515 959 663 1009 opera
692 943 796 990 aliis
830 942 1153 1004 discutienda,
1182 943 1267 1008 qui
1288 942 1383 991 hoc
1406 947 1794 1012 praesumpserint
1814 983 1828 1008 ,
1863 963 1940 995 re-

515 1023 797 1089 linquimus.

582 1108 635 1152 In
652 1121 711 1152 eo
726 1103 893 1170 proelio
904 1104 1001 1152 dux
1014 1105 1279 1167 Britanniae,
1296 1108 1321 1152 J
1324 1105 1558 1167 ohannes,
1572 1105 1682 1156 licet
1695 1118 1936 1170 evocatus,

517 1199 617 1230 non
641 1182 816 1245 adfuit;
840 1181 947 1242 sed,
973 1199 1085 1231 cum
1107 1183 1352 1232 Ambianis
1375 1200 1525 1249 usque
1546 1183 1812 1235 devenisset
1827 1204 1940 1236 cum

516 1277 693 1325 magno
717 1275 915 1308 suorum
941 1261 1192 1308 Britonum
1212 1278 1415 1310 numero
1429 1299 1441 1323 ,
1461 1262 1544 1326 qui
1564 1261 1628 1311 ad
1645 1262 1813 1312 decem
1833 1265 1941 1313 mil-

515 1338 580 1386 lia
604 1339 817 1385 virorum
852 1339 1175 1386 communiter
1207 1339 1586 1403 aestimabantur,
1619 1340 1715 1390 illic
1738 1344 1941 1408 experiri

516 1415 683 1463 maluit
710 1414 824 1462 belli
853 1426 1103 1477 eventum,
1129 1432 1275 1481 quam
1306 1434 1355 1464 se
1384 1418 1584 1483 propius
1608 1418 1830 1483 periculis
1849 1420 1940 1468 ad·-

516 1511 731 1542 movere.
767 1493 996 1541 Confecto
1035 1511 1246 1559 namque
1287 1495 1458 1561 proelio
1488 1495 1552 1543 ad
1585 1497 1809 1562 propria,
1840 1515 1940 1546 non

516 1574 619 1621 sine
653 1590 803 1639 parvo
839 1573 1060 1621 locorum
1090 1573 1405 1635 detrimento,
1433 1591 1519 1640 per
1554 1590 1659 1639 quae
1690 1576 1940 1625 transitum

518 1651 744 1709 faciebat,
767 1667 857 1699 nec
876 1652 988 1699 visis
1005 1651 1202 1716 quidem
1218 1650 1460 1714 hostibus,
1485 1653 1728 1700 remeavit.

1010 1854 1354 1902 CAPITULUM
1388 1857 1446 1902 X.

516 1984 676 2028 Qualiter
686 1983 887 2031 Anglorum
898 1994 973 2028 rex,
984 1991 1172 2029 postquam
1183 1981 1350 2030 proelium
1359 1990 1545 2030 peractum
1560 1983 1639 2031 fuit,
1651 1984 1814 2032 Angliam
1823 1985 1937 2033 petiit.

564 2045 609 2079 Et
637 2055 714 2090 quae
731 2042 873 2078 interim
890 2050 964 2077 tam
990 2053 1055 2089 per
1079 2054 1161 2077 eum
1174 2067 1184 2085 ,
1201 2054 1308 2088 quam
1330 2054 1395 2090 per
1415 2043 1570 2079 Francos
1582 2069 1593 2088 ,
1618 2052 1711 2092 gesta
1728 2044 1861 2081 fuerint
1875 2058 1941 2094 per

564 2102 749 2139 biennium
761 2129 774 2147 ‚
788 2114 861 2149 quo
876 2101 915 2136 in
928 2101 1054 2148 Anglia
1069 2102 1173 2136 stetit.

583 2225 707 2270 Cum
721 2230 881 2270 autem
897 2220 1052 2269 dictus
1076 2220 1338 2286 Anglorum
1355 2238 1462 2283 rex,
1487 2237 1541 2268 ex
1563 2221 1762 2272 victoria
1779 2223 1940 2290 hujus·

518 2299 711 2348 cemodi
731 2315 831 2347 non
852 2298 1159 2347 mediocriter
1174 2299 1343 2360 elatus,
1368 2316 1480 2347 cum
1497 2299 1695 2365 captivis
1717 2310 1764 2349 et
1778 2303 1940 2368 praeda

519 2377 670 2425 multa
691 2377 741 2424 in
765 2376 982 2441 Angliam
1006 2394 1056 2424 se
1084 2378 1361 2444 recepisset,
1390 2394 1489 2425 non
1517 2393 1572 2426 ea
1599 2383 1939 2432 tantummodo

517 2473 680 2504 rerum
701 2454 919 2502 felicitate
939 2464 1216 2516 contentus,
1237 2455 1297 2503 ad
1316 2456 1447 2521 pacis
1469 2456 1565 2503 otia
1583 2466 1630 2504 et
1643 2459 1813 2523 quietis
1835 2477 1940 2510 sua-

517 2534 712 2581 vitatem
747 2548 797 2580 se
830 2532 1058 2592 contulit3
1093 2532 1179 2580 sed
1213 2533 1394 2597 majora
1433 2534 1597 2582 animo
1630 2535 1856 2600 volvens,
1893 2549 1940 2588 et

518 2627 626 2677 quae
656 2609 746 2657 sibi
764 2609 890 2674 jam,
921 2609 1132 2658 secunda
1161 2609 1374 2674 fortuna,
1403 2622 1539 2677 parta
1568 2612 1780 2674 fuerant,
1804 2618 1938 2682 parvi

516 2689 716 2745 faciens,
750 2687 813 2736 ad
837 2687 1212 2753 aggrediendum
1234 2688 1396 2737 denuo
1413 2693 1706 2740 Francorum
1737 2709 1936 2761 regnum

516 2777 659 2833 atque
687 2766 1051 2827 Normanniam,
1074 2783 1179 2830 quae
1193 2769 1205 2794 ¹
1221 2766 1283 2815 ad
1298 2784 1347 2816 se
1359 2768 1467 2832 jure
1486 2769 1787 2821 haereditario
1808 2789 1938 2839 spec-

571 2900 612 2938 ¹.
644 2901 748 2949 Quas
766 2898 862 2938 dans
881 2897 920 2938 le
940 2896 1160 2939 manuscrit.

2071 266 2086 314 ἶ

2071 336 2086 379 ῑ
