<?xml version="1.0" encoding="UTF-8"?>
<!DOCTYPE html PUBLIC "-//W3C//DTD XHTML 1.0 Transitional//EN"
    "http://www.w3.org/TR/xhtml1/DTD/xhtml1-transitional.dtd">
<html xmlns="http://www.w3.org/1999/xhtml" xml:lang="en" lang="en">
 <head>
  <title>
</title>
<meta http-equiv="Content-Type" content="text/html;charset=utf-8" />
  <meta name='ocr-system' content='tesseract 3.04.00' />
  <meta name='ocr-capabilities' content='ocr_page ocr_carea ocr_par ocr_line ocrx_word'/>
</head>
<body>
  <div class='ocr_page' id='page_1' title='image "./histoiredesrgn01basiuoft_0462.png"; bbox 0 0 2086 3528; ppageno 0'>
   <div class='ocr_carea' id='block_1_1' title="bbox 487 367 1523 407">
    <p class='ocr_par' dir='ltr' id='par_1_1' title="bbox 487 367 1523 407">
     <span class='ocr_line' id='line_1_1' title="bbox 487 367 1523 407; baseline -0.001 -1"><span class='ocrx_word' id='word_1_1' title='bbox 487 371 563 406; x_wconf 79' lang='lat'><strong>288</strong></span> <span class='ocrx_word' id='word_1_2' title='bbox 877 368 1219 407; x_wconf 81' lang='lat' dir='ltr'>HISTORIARUM</span> <span class='ocrx_word' id='word_1_3' title='bbox 1245 367 1426 406; x_wconf 84' lang='lat' dir='ltr'>CAROLI</span> <span class='ocrx_word' id='word_1_4' title='bbox 1454 369 1523 405; x_wconf 80' lang='lat' dir='ltr'><strong>vlt</strong></span> 
     </span>
    </p>
   </div>
   <div class='ocr_carea' id='block_1_2' title="bbox 486 449 1913 2691">
    <p class='ocr_par' dir='ltr' id='par_1_2' title="bbox 486 449 1913 2691">
     <span class='ocr_line' id='line_1_2' title="bbox 486 449 1903 517; baseline 0.001 -19"><span class='ocrx_word' id='word_1_5' title='bbox 486 452 696 517; x_wconf 91' lang='lat' dir='ltr'><strong>phorum</strong></span> <span class='ocrx_word' id='word_1_6' title='bbox 714 487 726 510; x_wconf 91' lang='lat'><strong>,</strong></span> <span class='ocrx_word' id='word_1_7' title='bbox 746 451 984 498; x_wconf 85' lang='lat' dir='ltr'>honorem</span> <span class='ocrx_word' id='word_1_8' title='bbox 1005 450 1148 497; x_wconf 91' lang='lat' dir='ltr'><strong>etiam</strong></span> <span class='ocrx_word' id='word_1_9' title='bbox 1169 449 1219 496; x_wconf 92' lang='lat' dir='ltr'><strong>in</strong></span> <span class='ocrx_word' id='word_1_10' title='bbox 1239 466 1297 497; x_wconf 93' lang='lat' dir='ltr'><strong>eo</strong></span> <span class='ocrx_word' id='word_1_11' title='bbox 1317 466 1444 512; x_wconf 89' lang='lat' dir='ltr'><strong>esse,</strong></span> <span class='ocrx_word' id='word_1_12' title='bbox 1467 449 1548 514; x_wconf 92' lang='lat' dir='ltr'><strong>qui</strong></span> <span class='ocrx_word' id='word_1_13' title='bbox 1569 466 1681 497; x_wconf 91' lang='lat' dir='ltr'><strong>eum</strong></span> <span class='ocrx_word' id='word_1_14' title='bbox 1704 451 1903 501; x_wconf 89' lang='lat' dir='ltr'><strong>merenti</strong></span> 
     </span>
     <span class='ocr_line' id='line_1_3' title="bbox 487 525 1905 591; baseline 0 -17"><span class='ocrx_word' id='word_1_15' title='bbox 487 528 750 575; x_wconf 85' lang='lat' dir='ltr'><strong>exhiberet.</strong></span> <span class='ocrx_word' id='word_1_16' title='bbox 778 530 899 586; x_wconf 91' lang='lat' dir='ltr'><strong>Nec,</strong></span> <span class='ocrx_word' id='word_1_17' title='bbox 927 542 1037 572; x_wconf 93' lang='lat' dir='ltr'><strong>cum</strong></span> <span class='ocrx_word' id='word_1_18' title='bbox 1068 525 1208 572; x_wconf 90' lang='lat' dir='ltr'><strong>simul</strong></span> <span class='ocrx_word' id='word_1_19' title='bbox 1235 542 1539 590; x_wconf 86' lang='lat' dir='ltr'><strong>quocumque</strong></span> <span class='ocrx_word' id='word_1_20' title='bbox 1574 526 1905 591; x_wconf 88' lang='lat' dir='ltr'><strong>adequitarent</strong></span> 
     </span>
     <span class='ocr_line' id='line_1_4' title="bbox 488 602 1905 660; baseline -0.001 -7"><span class='ocrx_word' id='word_1_21' title='bbox 488 623 570 653; x_wconf 91' lang='lat' dir='ltr'><strong>seu</strong></span> <span class='ocrx_word' id='word_1_22' title='bbox 610 603 938 660; x_wconf 86' lang='lat' dir='ltr'><strong>ambularent,</strong></span> <span class='ocrx_word' id='word_1_23' title='bbox 975 604 1067 650; x_wconf 90' lang='lat' dir='ltr'><strong>nisi</strong></span> <span class='ocrx_word' id='word_1_24' title='bbox 1100 603 1161 650; x_wconf 87' lang='lat' dir='ltr'><strong>ad</strong></span> <span class='ocrx_word' id='word_1_25' title='bbox 1196 602 1442 649; x_wconf 86' lang='lat' dir='ltr'><strong>dexterum</strong></span> <span class='ocrx_word' id='word_1_26' title='bbox 1478 603 1600 650; x_wconf 82' lang='lat' dir='ltr'><strong>latus</strong></span> <span class='ocrx_word' id='word_1_27' title='bbox 1635 621 1746 651; x_wconf 92' lang='lat' dir='ltr'><strong>eum</strong></span> <span class='ocrx_word' id='word_1_28' title='bbox 1780 613 1905 652; x_wconf 88' lang='lat' dir='ltr'><strong>stare</strong></span> 
     </span>
     <span class='ocr_line' id='line_1_5' title="bbox 489 681 1908 748; baseline -0.001 -18"><span class='ocrx_word' id='word_1_29' title='bbox 489 683 724 748; x_wconf 87' lang='lat' dir='ltr'><strong>permisit,</strong></span> <span class='ocrx_word' id='word_1_30' title='bbox 750 682 815 729; x_wconf 90' lang='lat' dir='ltr'><strong>ita</strong></span> <span class='ocrx_word' id='word_1_31' title='bbox 846 682 988 728; x_wconf 89' lang='lat' dir='ltr'><strong>etiam</strong></span> <span class='ocrx_word' id='word_1_32' title='bbox 1015 691 1092 742; x_wconf 90' lang='lat' dir='ltr'><strong>ut,</strong></span> <span class='ocrx_word' id='word_1_33' title='bbox 1120 681 1265 745; x_wconf 89' lang='lat' dir='ltr'><strong>ipsius</strong></span> <span class='ocrx_word' id='word_1_34' title='bbox 1286 681 1552 745; x_wconf 82' lang='lat' dir='ltr'>posteriora</span> <span class='ocrx_word' id='word_1_35' title='bbox 1576 681 1834 731; x_wconf 83' lang='lat' dir='ltr'><strong>adservans</strong></span> <span class='ocrx_word' id='word_1_36' title='bbox 1859 691 1908 729; x_wconf 88' lang='lat' dir='ltr'><strong>et</strong></span> 
     </span>
     <span class='ocr_line' id='line_1_6' title="bbox 488 758 1907 823; baseline 0.001 -16"><span class='ocrx_word' id='word_1_37' title='bbox 488 760 685 823; x_wconf 85' lang='lat' dir='ltr'><strong>vestigia</strong></span> <span class='ocrx_word' id='word_1_38' title='bbox 708 775 910 823; x_wconf 87' lang='lat' dir='ltr'><strong>sequens</strong></span> <span class='ocrx_word' id='word_1_39' title='bbox 927 795 939 818; x_wconf 88' lang='lat'>‚</span> <span class='ocrx_word' id='word_1_40' title='bbox 968 774 1217 822; x_wconf 91' lang='lat' dir='ltr'><strong>nunquam</strong></span> <span class='ocrx_word' id='word_1_41' title='bbox 1240 767 1383 822; x_wconf 87' lang='lat' dir='ltr'><strong>caput</strong></span> <span class='ocrx_word' id='word_1_42' title='bbox 1408 758 1531 822; x_wconf 89' lang='lat' dir='ltr'><strong>ejus,</strong></span> <span class='ocrx_word' id='word_1_43' title='bbox 1563 759 1640 806; x_wconf 94' lang='lat' dir='ltr'><strong>cui</strong></span> <span class='ocrx_word' id='word_1_44' title='bbox 1668 759 1907 808; x_wconf 86' lang='lat' dir='ltr'><strong>insidebat</strong></span> 
     </span>
     <span class='ocr_line' id='line_1_7' title="bbox 490 833 1908 900; baseline 0.001 -17"><span class='ocrx_word' id='word_1_45' title='bbox 490 836 627 900; x_wconf 90' lang='lat' dir='ltr'><strong>equi,</strong></span> <span class='ocrx_word' id='word_1_46' title='bbox 666 836 961 900; x_wconf 82' lang='lat' dir='ltr'><strong>permitteret</strong></span> <span class='ocrx_word' id='word_1_47' title='bbox 993 833 1197 882; x_wconf 90' lang='lat' dir='ltr'><strong>caudam</strong></span> <span class='ocrx_word' id='word_1_48' title='bbox 1237 833 1385 894; x_wconf 87' lang='lat' dir='ltr'><strong>iltius,</strong></span> <span class='ocrx_word' id='word_1_49' title='bbox 1427 835 1504 881; x_wconf 90' lang='lat' dir='ltr'><strong>cui</strong></span> <span class='ocrx_word' id='word_1_50' title='bbox 1537 835 1762 883; x_wconf 77' lang='lat' dir='ltr'><strong>insideret</strong></span> <span class='ocrx_word' id='word_1_51' title='bbox 1795 837 1908 884; x_wconf 91' lang='lat' dir='ltr'><strong>Del·-</strong></span> 
     </span>
     <span class='ocr_line' id='line_1_8' title="bbox 488 912 1785 979; baseline -0.003 -18"><span class='ocrx_word' id='word_1_52' title='bbox 488 914 688 979; x_wconf 88' lang='lat' dir='ltr'><strong>phinus,</strong></span> <span class='ocrx_word' id='word_1_53' title='bbox 721 912 1029 978; x_wconf 90' lang='lat' dir='ltr'><strong>pertransire.</strong></span> <span class='ocrx_word' id='word_1_54' title='bbox 1779 914 1785 921; x_wconf 90' lang='grc'><em>“</em></span> 
     </span>
     <span class='ocr_line' id='line_1_9' title="bbox 529 990 1903 1055; baseline -0.001 -15"><span class='ocrx_word' id='word_1_55' title='bbox 529 992 647 1042; x_wconf 81' lang='lat' dir='ltr'><strong>,Sed</strong></span> <span class='ocrx_word' id='word_1_56' title='bbox 667 1001 713 1038; x_wconf 90' lang='lat' dir='ltr'><strong>et</strong></span> <span class='ocrx_word' id='word_1_57' title='bbox 737 1008 846 1037; x_wconf 89' lang='lat' dir='ltr'><strong>cum</strong></span> <span class='ocrx_word' id='word_1_58' title='bbox 869 990 997 1037; x_wconf 90' lang='lat' dir='ltr'><strong>idem</strong></span> <span class='ocrx_word' id='word_1_59' title='bbox 1024 990 1316 1055; x_wconf 86' lang='lat' dir='ltr'>Delphinus,</span> <span class='ocrx_word' id='word_1_60' title='bbox 1343 991 1500 1037; x_wconf 90' lang='lat' dir='ltr'><strong>statim</strong></span> <span class='ocrx_word' id='word_1_61' title='bbox 1530 999 1583 1036; x_wconf 92' lang='lat' dir='ltr'><strong>ut</strong></span> <span class='ocrx_word' id='word_1_62' title='bbox 1612 990 1903 1054; x_wconf 85' lang='lat' dir='ltr'><strong>abcesserat,</strong></span> 
     </span>
     <span class='ocr_line' id='line_1_10' title="bbox 490 1068 1902 1135; baseline 0.001 -19"><span class='ocrx_word' id='word_1_63' title='bbox 490 1080 623 1135; x_wconf 83' lang='lat' dir='ltr'><strong>patre</strong></span> <span class='ocrx_word' id='word_1_64' title='bbox 641 1078 906 1134; x_wconf 73' lang='lat' dir='ltr'><strong>occupante</strong></span> <span class='ocrx_word' id='word_1_65' title='bbox 928 1069 1073 1115; x_wconf 88' lang='lat' dir='ltr'><strong>totius</strong></span> <span class='ocrx_word' id='word_1_66' title='bbox 1097 1069 1169 1115; x_wconf 93' lang='lat' dir='ltr'><strong>sui</strong></span> <span class='ocrx_word' id='word_1_67' title='bbox 1195 1068 1500 1133; x_wconf 89' lang='lat' dir='ltr'><strong>delphinatus</strong></span> <span class='ocrx_word' id='word_1_68' title='bbox 1523 1070 1873 1133; x_wconf 88' lang='lat' dir='ltr'><strong>possessionem</strong></span> <span class='ocrx_word' id='word_1_69' title='bbox 1889 1107 1902 1131; x_wconf 95' lang='lat'><strong>,</strong></span> 
     </span>
     <span class='ocr_line' id='line_1_11' title="bbox 490 1146 1908 1213; baseline 0.001 -19"><span class='ocrx_word' id='word_1_70' title='bbox 490 1158 538 1194; x_wconf 92' lang='lat' dir='ltr'><strong>et</strong></span> <span class='ocrx_word' id='word_1_71' title='bbox 576 1146 805 1194; x_wconf 88' lang='lat' dir='ltr'><strong>fructibus</strong></span> <span class='ocrx_word' id='word_1_72' title='bbox 840 1146 1246 1211; x_wconf 88' lang='lat' dir='ltr'><strong>pensionibusque</strong></span> <span class='ocrx_word' id='word_1_73' title='bbox 1275 1146 1536 1208; x_wconf 78' lang='lat' dir='ltr'><strong>universiS,</strong></span> <span class='ocrx_word' id='word_1_74' title='bbox 1571 1163 1690 1210; x_wconf 87' lang='lat' dir='ltr'><strong>quas</strong></span> <span class='ocrx_word' id='word_1_75' title='bbox 1719 1164 1746 1194; x_wconf 87' lang='lat' dir='ltr'><strong>a</strong></span> <span class='ocrx_word' id='word_1_76' title='bbox 1774 1158 1908 1213; x_wconf 87' lang='lat' dir='ltr'><strong>patre</strong></span> 
     </span>
     <span class='ocr_line' id='line_1_12' title="bbox 489 1225 1904 1291; baseline 0.001 -19"><span class='ocrx_word' id='word_1_77' title='bbox 489 1242 577 1291; x_wconf 91' lang='lat' dir='ltr'><strong>per</strong></span> <span class='ocrx_word' id='word_1_78' title='bbox 618 1235 758 1272; x_wconf 86' lang='lat' dir='ltr'><strong>antea</strong></span> <span class='ocrx_word' id='word_1_79' title='bbox 795 1225 1041 1289; x_wconf 84' lang='lat' dir='ltr'><strong>percipere</strong></span> <span class='ocrx_word' id='word_1_80' title='bbox 1085 1234 1423 1284; x_wconf 87' lang='lat' dir='ltr'><strong>consueverat,</strong></span> <span class='ocrx_word' id='word_1_81' title='bbox 1463 1225 1625 1272; x_wconf 88' lang='lat' dir='ltr'><strong>fuisset</strong></span> <span class='ocrx_word' id='word_1_82' title='bbox 1670 1225 1875 1274; x_wconf 89' lang='lat' dir='ltr'><strong>nudatus</strong></span> <span class='ocrx_word' id='word_1_83' title='bbox 1891 1263 1904 1288; x_wconf 92' lang='lat'><strong>,</strong></span> 
     </span>
     <span class='ocr_line' id='line_1_13' title="bbox 490 1303 1905 1369; baseline 0.001 -18"><span class='ocrx_word' id='word_1_84' title='bbox 490 1304 706 1368; x_wconf 88' lang='lat' dir='ltr'><strong>nihilque</strong></span> <span class='ocrx_word' id='word_1_85' title='bbox 748 1304 949 1351; x_wconf 91' lang='lat' dir='ltr'><strong>omnino</strong></span> <span class='ocrx_word' id='word_1_86' title='bbox 986 1304 1168 1369; x_wconf 89' lang='lat' dir='ltr'><strong>proprii</strong></span> <span class='ocrx_word' id='word_1_87' title='bbox 1200 1304 1320 1367; x_wconf 88' lang='lat' dir='ltr'><strong>juris</strong></span> <span class='ocrx_word' id='word_1_88' title='bbox 1355 1304 1591 1368; x_wconf 91' lang='lat' dir='ltr'><strong>reliquum</strong></span> <span class='ocrx_word' id='word_1_89' title='bbox 1627 1303 1718 1350; x_wconf 93' lang='lat' dir='ltr'><strong>sibi</strong></span> <span class='ocrx_word' id='word_1_90' title='bbox 1752 1314 1905 1363; x_wconf 87' lang='lat' dir='ltr'><strong>esset,</strong></span> 
     </span>
     <span class='ocr_line' id='line_1_14' title="bbox 491 1380 1909 1445; baseline 0.001 -18"><span class='ocrx_word' id='word_1_91' title='bbox 491 1381 634 1428; x_wconf 88' lang='lat' dir='ltr'><strong>talem</strong></span> <span class='ocrx_word' id='word_1_92' title='bbox 660 1380 1030 1428; x_wconf 87' lang='lat' dir='ltr'><strong>subventionem</strong></span> <span class='ocrx_word' id='word_1_93' title='bbox 1066 1381 1127 1428; x_wconf 92' lang='lat' dir='ltr'><strong>ab</strong></span> <span class='ocrx_word' id='word_1_94' title='bbox 1158 1380 1332 1428; x_wconf 90' lang='lat' dir='ltr'><strong>eodem</strong></span> <span class='ocrx_word' id='word_1_95' title='bbox 1366 1380 1764 1445; x_wconf 82' lang='lat' dir='ltr'><strong>Burgundionum</strong></span> <span class='ocrx_word' id='word_1_96' title='bbox 1786 1380 1909 1429; x_wconf 90' lang='lat' dir='ltr'><strong>duce</strong></span> 
     </span>
     <span class='ocr_line' id='line_1_15' title="bbox 491 1456 1906 1523; baseline 0 -19"><span class='ocrx_word' id='word_1_97' title='bbox 491 1468 685 1523; x_wconf 88' lang='lat' dir='ltr'><strong>tamque</strong></span> <span class='ocrx_word' id='word_1_98' title='bbox 718 1457 1051 1505; x_wconf 88' lang='lat' dir='ltr'><strong>honorabilem</strong></span> <span class='ocrx_word' id='word_1_99' title='bbox 1085 1474 1140 1505; x_wconf 91' lang='lat' dir='ltr'><strong>ac</strong></span> <span class='ocrx_word' id='word_1_100' title='bbox 1183 1456 1485 1521; x_wconf 83' lang='lat' dir='ltr'><strong>magnificam</strong></span> <span class='ocrx_word' id='word_1_101' title='bbox 1523 1467 1764 1505; x_wconf 84' lang='lat' dir='ltr'><strong>assecutus</strong></span> <span class='ocrx_word' id='word_1_102' title='bbox 1809 1466 1906 1519; x_wconf 89' lang='lat' dir='ltr'><strong>est,</strong></span> 
     </span>
     <span class='ocr_line' id='line_1_16' title="bbox 492 1535 1910 1603; baseline -0.002 -18"><span class='ocrx_word' id='word_1_103' title='bbox 492 1555 596 1602; x_wconf 86' lang='lat' dir='ltr'><strong>quae</strong></span> <span class='ocrx_word' id='word_1_104' title='bbox 612 1538 827 1603; x_wconf 89' lang='lat' dir='ltr'><strong>profecto</strong></span> <span class='ocrx_word' id='word_1_105' title='bbox 844 1537 905 1585; x_wconf 90' lang='lat' dir='ltr'><strong>ad</strong></span> <span class='ocrx_word' id='word_1_106' title='bbox 921 1548 1138 1603; x_wconf 89' lang='lat' dir='ltr'><strong>sumptus</strong></span> <span class='ocrx_word' id='word_1_107' title='bbox 1162 1537 1320 1600; x_wconf 83' lang='lat' dir='ltr'><strong>magni</strong></span> <span class='ocrx_word' id='word_1_108' title='bbox 1336 1536 1584 1600; x_wconf 86' lang='lat' dir='ltr'><strong>cujusdam</strong></span> <span class='ocrx_word' id='word_1_109' title='bbox 1603 1537 1724 1600; x_wconf 86' lang='lat' dir='ltr'><strong>regis</strong></span> <span class='ocrx_word' id='word_1_110' title='bbox 1740 1535 1910 1583; x_wconf 89' lang='lat' dir='ltr'><strong>merito</strong></span> 
     </span>
     <span class='ocr_line' id='line_1_17' title="bbox 491 1613 1910 1680; baseline -0.001 -18"><span class='ocrx_word' id='word_1_111' title='bbox 491 1615 708 1663; x_wconf 86' lang='lat' dir='ltr'><strong>sufficere</strong></span> <span class='ocrx_word' id='word_1_112' title='bbox 731 1615 978 1680; x_wconf 89' lang='lat' dir='ltr'><strong>potuisset.</strong></span> <span class='ocrx_word' id='word_1_113' title='bbox 1005 1618 1245 1662; x_wconf 88' lang='lat' dir='ltr'><strong>Menstrua</strong></span> <span class='ocrx_word' id='word_1_114' title='bbox 1270 1615 1398 1661; x_wconf 91' lang='lat' dir='ltr'><strong>enim</strong></span> <span class='ocrx_word' id='word_1_115' title='bbox 1423 1615 1510 1660; x_wconf 92' lang='lat' dir='ltr'><strong>tria</strong></span> <span class='ocrx_word' id='word_1_116' title='bbox 1530 1613 1674 1661; x_wconf 88' lang='lat' dir='ltr'><strong>millia</strong></span> <span class='ocrx_word' id='word_1_117' title='bbox 1696 1614 1910 1678; x_wconf 91' lang='lat' dir='ltr'><strong>equitum</strong></span> 
     </span>
     <span class='ocr_line' id='line_1_18' title="bbox 491 1693 1911 1758; baseline -0.002 -17"><span class='ocrx_word' id='word_1_118' title='bbox 491 1694 565 1741; x_wconf 92' lang='lat' dir='ltr'><strong>vel</strong></span> <span class='ocrx_word' id='word_1_119' title='bbox 595 1694 819 1740; x_wconf 90' lang='lat' dir='ltr'><strong>leonum¹</strong></span> <span class='ocrx_word' id='word_1_120' title='bbox 844 1693 1134 1758; x_wconf 88' lang='lat' dir='ltr'><strong>percipiebat</strong></span> <span class='ocrx_word' id='word_1_121' title='bbox 1159 1730 1171 1752; x_wconf 86' lang='lat'><strong>,</strong></span> <span class='ocrx_word' id='word_1_122' title='bbox 1212 1709 1316 1757; x_wconf 90' lang='lat' dir='ltr'><strong>quae</strong></span> <span class='ocrx_word' id='word_1_123' title='bbox 1350 1694 1399 1739; x_wconf 93' lang='lat' dir='ltr'><strong>in</strong></span> <span class='ocrx_word' id='word_1_124' title='bbox 1435 1709 1564 1740; x_wconf 84' lang='lat' dir='ltr'><strong>anno</strong></span> <span class='ocrx_word' id='word_1_125' title='bbox 1600 1693 1793 1756; x_wconf 84' lang='lat' dir='ltr'><strong>triginta</strong></span> <span class='ocrx_word' id='word_1_126' title='bbox 1830 1709 1911 1739; x_wconf 83' lang='lat' dir='ltr'><strong>sex</strong></span> 
     </span>
     <span class='ocr_line' id='line_1_19' title="bbox 494 1769 1907 1835; baseline -0.001 -17"><span class='ocrx_word' id='word_1_127' title='bbox 494 1771 621 1819; x_wconf 91' lang='lat' dir='ltr'><strong>mille</strong></span> <span class='ocrx_word' id='word_1_128' title='bbox 644 1787 882 1818; x_wconf 90' lang='lat' dir='ltr'><strong>summam</strong></span> <span class='ocrx_word' id='word_1_129' title='bbox 905 1769 1242 1818; x_wconf 83' lang='lat' dir='ltr'><strong>conficiebant.</strong></span> <span class='ocrx_word' id='word_1_130' title='bbox 1280 1770 1418 1817; x_wconf 93' lang='lat' dir='ltr'><strong>Unde</strong></span> <span class='ocrx_word' id='word_1_131' title='bbox 1455 1771 1586 1818; x_wconf 87' lang='lat' dir='ltr'><strong>idem</strong></span> <span class='ocrx_word' id='word_1_132' title='bbox 1618 1770 1907 1835; x_wconf 88' lang='lat' dir='ltr'><strong>Delphinus,</strong></span> 
     </span>
     <span class='ocr_line' id='line_1_20' title="bbox 493 1847 1912 1913; baseline -0.001 -17"><span class='ocrx_word' id='word_1_133' title='bbox 493 1866 605 1896; x_wconf 90' lang='lat' dir='ltr'><strong>cum</strong></span> <span class='ocrx_word' id='word_1_134' title='bbox 639 1858 769 1895; x_wconf 91' lang='lat' dir='ltr'><strong>tanta</strong></span> <span class='ocrx_word' id='word_1_135' title='bbox 790 1864 839 1894; x_wconf 91' lang='lat' dir='ltr'><strong>se</strong></span> <span class='ocrx_word' id='word_1_136' title='bbox 867 1847 1201 1894; x_wconf 87' lang='lat' dir='ltr'><strong>benevolentia</strong></span> <span class='ocrx_word' id='word_1_137' title='bbox 1223 1858 1474 1913; x_wconf 87' lang='lat' dir='ltr'><strong>exceptum</strong></span> <span class='ocrx_word' id='word_1_138' title='bbox 1507 1857 1912 1912; x_wconf 87' lang='lat' dir='ltr'><strong>procuratumque</strong></span> 
     </span>
     <span class='ocr_line' id='line_1_21' title="bbox 492 1924 1912 1992; baseline -0.001 -18"><span class='ocrx_word' id='word_1_139' title='bbox 492 1927 816 1992; x_wconf 85' lang='lat' dir='ltr'><strong>conspiceret,</strong></span> <span class='ocrx_word' id='word_1_140' title='bbox 849 1941 985 1972; x_wconf 86' lang='lat' dir='ltr'><strong>suam</strong></span> <span class='ocrx_word' id='word_1_141' title='bbox 1007 1925 1150 1972; x_wconf 89' lang='lat' dir='ltr'><strong>etiam</strong></span> <span class='ocrx_word' id='word_1_142' title='bbox 1174 1925 1428 1988; x_wconf 86' lang='lat' dir='ltr'><strong>conjugem</strong></span> <span class='ocrx_word' id='word_1_143' title='bbox 1449 1925 1531 1971; x_wconf 91' lang='lat' dir='ltr'><strong>illo</strong></span> <span class='ocrx_word' id='word_1_144' title='bbox 1556 1925 1616 1972; x_wconf 87' lang='lat' dir='ltr'><strong>ad</strong></span> <span class='ocrx_word' id='word_1_145' title='bbox 1641 1941 1692 1972; x_wconf 91' lang='lat' dir='ltr'><strong>se</strong></span> <span class='ocrx_word' id='word_1_146' title='bbox 1713 1924 1912 1977; x_wconf 87' lang='lat' dir='ltr'><strong>adscivit</strong></span> 
     </span>
     <span class='ocr_line' id='line_1_22' title="bbox 492 2003 1810 2069; baseline -0.002 -17"><span class='ocrx_word' id='word_1_147' title='bbox 492 2016 538 2052; x_wconf 87' lang='lat' dir='ltr'><strong>et</strong></span> <span class='ocrx_word' id='word_1_148' title='bbox 563 2005 777 2063; x_wconf 84' lang='lat' dir='ltr'><strong>attraxit;</strong></span> <span class='ocrx_word' id='word_1_149' title='bbox 802 2021 857 2051; x_wconf 84' lang='lat' dir='ltr'><strong>ex</strong></span> <span class='ocrx_word' id='word_1_150' title='bbox 878 2020 972 2067; x_wconf 91' lang='lat' dir='ltr'><strong>qua</strong></span> <span class='ocrx_word' id='word_1_151' title='bbox 994 2003 1112 2050; x_wconf 90' lang='lat' dir='ltr'><strong>inibi</strong></span> <span class='ocrx_word' id='word_1_152' title='bbox 1134 2004 1391 2050; x_wconf 91' lang='lat' dir='ltr'><strong>nonnullas</strong></span> <span class='ocrx_word' id='word_1_153' title='bbox 1407 2005 1566 2069; x_wconf 92' lang='lat' dir='ltr'><strong>proles</strong></span> <span class='ocrx_word' id='word_1_154' title='bbox 1587 2003 1810 2068; x_wconf 89' lang='lat' dir='ltr'><strong>suscepit.</strong></span> 
     </span>
     <span class='ocr_line' id='line_1_23' title="bbox 558 2080 1911 2146; baseline -0.003 -15"><span class='ocrx_word' id='word_1_155' title='bbox 558 2083 756 2131; x_wconf 91' lang='lat' dir='ltr'><strong>Carolus</strong></span> <span class='ocrx_word' id='word_1_156' title='bbox 778 2100 891 2130; x_wconf 91' lang='lat' dir='ltr'><strong>vero</strong></span> <span class='ocrx_word' id='word_1_157' title='bbox 916 2099 1021 2141; x_wconf 84' lang='lat' dir='ltr'><strong>rex,</strong></span> <span class='ocrx_word' id='word_1_158' title='bbox 1061 2082 1145 2146; x_wconf 90' lang='lat' dir='ltr'><strong>qui</strong></span> <span class='ocrx_word' id='word_1_159' title='bbox 1170 2082 1248 2128; x_wconf 87' lang='lat' dir='ltr'><strong>vix</strong></span> <span class='ocrx_word' id='word_1_160' title='bbox 1275 2099 1524 2146; x_wconf 88' lang='lat' dir='ltr'><strong>nunquam</strong></span> <span class='ocrx_word' id='word_1_161' title='bbox 1551 2099 1673 2129; x_wconf 85' lang='lat' dir='ltr'><strong>verae</strong></span> <span class='ocrx_word' id='word_1_162' title='bbox 1697 2080 1911 2128; x_wconf 85' lang='lat' dir='ltr'><strong>amicitiae</strong></span> 
     </span>
     <span class='ocr_line' id='line_1_24' title="bbox 493 2158 1910 2224; baseline -0.001 -17"><span class='ocrx_word' id='word_1_163' title='bbox 493 2161 688 2224; x_wconf 88' lang='lat' dir='ltr'><strong>alicujus</strong></span> <span class='ocrx_word' id='word_1_164' title='bbox 710 2159 772 2207; x_wconf 91' lang='lat' dir='ltr'><strong>ad</strong></span> <span class='ocrx_word' id='word_1_165' title='bbox 795 2160 1040 2224; x_wconf 80' lang='lat' dir='ltr'><strong>praefatum</strong></span> <span class='ocrx_word' id='word_1_166' title='bbox 1063 2159 1461 2223; x_wconf 84' lang='lat' dir='ltr'><strong>Burgundionum</strong></span> <span class='ocrx_word' id='word_1_167' title='bbox 1484 2159 1659 2206; x_wconf 89' lang='lat' dir='ltr'><strong>ducem</strong></span> <span class='ocrx_word' id='word_1_168' title='bbox 1680 2158 1910 2206; x_wconf 89' lang='lat' dir='ltr'><strong>indicium</strong></span> 
     </span>
     <span class='ocr_line' id='line_1_25' title="bbox 493 2222 1912 2302; baseline -0.001 -17"><span class='ocrx_word' id='word_1_169' title='bbox 493 2237 728 2296; x_wconf 89' lang='lat' dir='ltr'><strong>ostendit,</strong></span> <span class='ocrx_word' id='word_1_170' title='bbox 755 2237 839 2283; x_wconf 88' lang='lat' dir='ltr'><strong>sed</strong></span> <span class='ocrx_word' id='word_1_171' title='bbox 859 2254 968 2284; x_wconf 90' lang='lat' dir='ltr'><strong>eum</strong></span> <span class='ocrx_word' id='word_1_172' title='bbox 992 2236 1081 2284; x_wconf 88' lang='lat' dir='ltr'><strong>sibi</strong></span> <span class='ocrx_word' id='word_1_173' title='bbox 1107 2237 1311 2284; x_wconf 92' lang='lat' dir='ltr'><strong>invisum</strong></span> <span class='ocrx_word' id='word_1_174' title='bbox 1348 2222 1715 2302; x_wconf 84' lang='lat' dir='ltr'><strong>suspectumque</strong></span> <span class='ocrx_word' id='word_1_175' title='bbox 1753 2236 1912 2300; x_wconf 88' lang='lat' dir='ltr'><strong>potius</strong></span> 
     </span>
     <span class='ocr_line' id='line_1_26' title="bbox 492 2313 1912 2381; baseline -0.002 -17"><span class='ocrx_word' id='word_1_176' title='bbox 492 2333 680 2381; x_wconf 86' lang='lat' dir='ltr'><strong>semper</strong></span> <span class='ocrx_word' id='word_1_177' title='bbox 701 2316 938 2372; x_wconf 84' lang='lat' dir='ltr'><strong>exsistere,</strong></span> <span class='ocrx_word' id='word_1_178' title='bbox 964 2314 1105 2362; x_wconf 91' lang='lat' dir='ltr'><strong>talem</strong></span> <span class='ocrx_word' id='word_1_179' title='bbox 1129 2313 1227 2361; x_wconf 84' lang='lat' dir='ltr'><strong>filio</strong></span> <span class='ocrx_word' id='word_1_180' title='bbox 1252 2331 1357 2374; x_wconf 75' lang='lat' dir='ltr'><strong>suo,</strong></span> <span class='ocrx_word' id='word_1_181' title='bbox 1381 2331 1407 2361; x_wconf 91' lang='lat' dir='ltr'><strong>a</strong></span> <span class='ocrx_word' id='word_1_182' title='bbox 1430 2331 1479 2361; x_wconf 91' lang='lat' dir='ltr'><strong>se</strong></span> <span class='ocrx_word' id='word_1_183' title='bbox 1499 2314 1718 2379; x_wconf 83' lang='lat' dir='ltr'><strong>profugO,</strong></span> <span class='ocrx_word' id='word_1_184' title='bbox 1741 2313 1912 2361; x_wconf 91' lang='lat' dir='ltr'><strong>inobe-</strong></span> 
     </span>
     <span class='ocr_line' id='line_1_27' title="bbox 492 2390 1913 2451; baseline -0.001 -10"><span class='ocrx_word' id='word_1_185' title='bbox 492 2394 641 2442; x_wconf 91' lang='lat' dir='ltr'><strong>dienti</strong></span> <span class='ocrx_word' id='word_1_186' title='bbox 667 2403 714 2441; x_wconf 91' lang='lat' dir='ltr'><strong>et</strong></span> <span class='ocrx_word' id='word_1_187' title='bbox 736 2393 1036 2451; x_wconf 87' lang='lat' dir='ltr'><strong>contumaci,</strong></span> <span class='ocrx_word' id='word_1_188' title='bbox 1065 2392 1449 2439; x_wconf 87' lang='lat' dir='ltr'><strong>benevolentiam</strong></span> <span class='ocrx_word' id='word_1_189' title='bbox 1470 2408 1525 2438; x_wconf 93' lang='lat' dir='ltr'><strong>ac</strong></span> <span class='ocrx_word' id='word_1_190' title='bbox 1547 2390 1913 2440; x_wconf 86' lang='lat' dir='ltr'><strong>beneficentiam</strong></span> 
     </span>
     <span class='ocr_line' id='line_1_28' title="bbox 493 2468 1913 2533; baseline -0.002 -14"><span class='ocrx_word' id='word_1_191' title='bbox 493 2471 725 2519; x_wconf 85' lang='lat' dir='ltr'><strong>exhibitas</strong></span> <span class='ocrx_word' id='word_1_192' title='bbox 753 2470 994 2533; x_wconf 85' lang='lat' dir='ltr'><strong>aegerrirne</strong></span> <span class='ocrx_word' id='word_1_193' title='bbox 1019 2469 1141 2516; x_wconf 90' lang='lat' dir='ltr'><strong>tulit.</strong></span> <span class='ocrx_word' id='word_1_194' title='bbox 1178 2472 1296 2516; x_wconf 88' lang='lat' dir='ltr'><strong>Nam</strong></span> <span class='ocrx_word' id='word_1_195' title='bbox 1333 2485 1445 2515; x_wconf 92' lang='lat' dir='ltr'><strong>cum</strong></span> <span class='ocrx_word' id='word_1_196' title='bbox 1475 2469 1690 2532; x_wconf 90' lang='lat' dir='ltr'><strong>ejusdem</strong></span> <span class='ocrx_word' id='word_1_197' title='bbox 1722 2468 1805 2516; x_wconf 86' lang='lat' dir='ltr'><strong>filii</strong></span> <span class='ocrx_word' id='word_1_198' title='bbox 1840 2469 1913 2517; x_wconf 90' lang='lat' dir='ltr'><strong>sui</strong></span> 
     </span>
     <span class='ocr_line' id='line_1_29' title="bbox 493 2546 1908 2612; baseline -0.001 -17"><span class='ocrx_word' id='word_1_199' title='bbox 493 2565 668 2596; x_wconf 86' lang='lat' dir='ltr'><strong>saevum</strong></span> <span class='ocrx_word' id='word_1_200' title='bbox 692 2564 803 2612; x_wconf 86' lang='lat' dir='ltr'><strong>erga</strong></span> <span class='ocrx_word' id='word_1_201' title='bbox 825 2564 874 2594; x_wconf 91' lang='lat' dir='ltr'><strong>se</strong></span> <span class='ocrx_word' id='word_1_202' title='bbox 906 2557 950 2594; x_wconf 91' lang='lat' dir='ltr'><strong>et</strong></span> <span class='ocrx_word' id='word_1_203' title='bbox 977 2546 1324 2593; x_wconf 85' lang='lat' dir='ltr'><strong>intractabilem</strong></span> <span class='ocrx_word' id='word_1_204' title='bbox 1352 2547 1566 2592; x_wconf 89' lang='lat' dir='ltr'><strong>animum</strong></span> <span class='ocrx_word' id='word_1_205' title='bbox 1602 2556 1908 2610; x_wconf 86' lang='lat' dir='ltr'><strong>agnosceret,</strong></span> 
     </span>
     <span class='ocr_line' id='line_1_30' title="bbox 493 2622 1911 2691; baseline -0.003 -17"><span class='ocrx_word' id='word_1_206' title='bbox 493 2643 640 2691; x_wconf 89' lang='lat' dir='ltr'><strong>quem</strong></span> <span class='ocrx_word' id='word_1_207' title='bbox 675 2625 737 2673; x_wconf 89' lang='lat' dir='ltr'><strong>ad</strong></span> <span class='ocrx_word' id='word_1_208' title='bbox 765 2640 913 2672; x_wconf 88' lang='lat' dir='ltr'><strong>novas</strong></span> <span class='ocrx_word' id='word_1_209' title='bbox 950 2640 1023 2671; x_wconf 93' lang='lat' dir='ltr'><strong>res</strong></span> <span class='ocrx_word' id='word_1_210' title='bbox 1057 2622 1324 2671; x_wconf 87' lang='lat' dir='ltr'><strong>moliendas</strong></span> <span class='ocrx_word' id='word_1_211' title='bbox 1370 2623 1633 2688; x_wconf 90' lang='lat' dir='ltr'><strong>proclivem</strong></span> <span class='ocrx_word' id='word_1_212' title='bbox 1667 2639 1768 2670; x_wconf 89' lang='lat' dir='ltr'><strong>esse</strong></span> <span class='ocrx_word' id='word_1_213' title='bbox 1799 2623 1911 2671; x_wconf 89' lang='lat' dir='ltr'><strong>satis</strong></span> 
     </span>
    </p>
   </div>
   <div class='ocr_carea' id='block_1_3' title="bbox 497 2820 1907 2934">
    <p class='ocr_par' dir='ltr' id='par_1_3' title="bbox 497 2820 1907 2934">
     <span class='ocr_line' id='line_1_31' title="bbox 548 2820 1907 2871; baseline -0.003 -8"><span class='ocrx_word' id='word_1_214' title='bbox 548 2828 586 2863; x_wconf 81' lang='lat'><strong>1.</strong></span> <span class='ocrx_word' id='word_1_215' title='bbox 624 2844 638 2859; x_wconf 79' lang='lat' dir='ltr'><em>u</em></span> <span class='ocrx_word' id='word_1_216' title='bbox 662 2825 771 2863; x_wconf 87' lang='lat' dir='ltr'><strong>Trois</strong></span> <span class='ocrx_word' id='word_1_217' title='bbox 802 2824 907 2863; x_wconf 89' lang='lat' dir='ltr'><strong>mille</strong></span> <span class='ocrx_word' id='word_1_218' title='bbox 936 2821 1087 2862; x_wconf 91' lang='lat' dir='ltr'><strong>ridders</strong></span> <span class='ocrx_word' id='word_1_219' title='bbox 1114 2821 1340 2871; x_wconf 81' lang='lat' dir='ltr'><strong>(cavaliers)</strong></span> <span class='ocrx_word' id='word_1_220' title='bbox 1357 2850 1367 2870; x_wconf 89' lang='lat'><strong>,</strong></span> <span class='ocrx_word' id='word_1_221' title='bbox 1398 2836 1449 2860; x_wconf 93' lang='lat' dir='ltr'><strong>ou</strong></span> <span class='ocrx_word' id='word_1_222' title='bbox 1476 2821 1576 2861; x_wconf 88' lang='lat' dir='ltr'><strong>lions</strong></span> <span class='ocrx_word' id='word_1_223' title='bbox 1605 2820 1653 2860; x_wconf 84' lang='lat' dir='ltr'><strong>de</strong></span> <span class='ocrx_word' id='word_1_224' title='bbox 1677 2820 1864 2871; x_wconf 85' lang='lat' dir='ltr'><strong>Flandre,</strong></span> <span class='ocrx_word' id='word_1_225' title='bbox 1889 2837 1907 2855; x_wconf 77' lang='grc' dir='ltr'><strong>ι·</strong></span> 
     </span>
     <span class='ocr_line' id='line_1_32' title="bbox 497 2882 1155 2934; baseline -0.002 -11"><span class='ocrx_word' id='word_1_226' title='bbox 497 2885 694 2923; x_wconf 85' lang='lat' dir='ltr'><strong>monnaies</strong></span> <span class='ocrx_word' id='word_1_227' title='bbox 714 2884 798 2923; x_wconf 85' lang='lat' dir='ltr'><strong>d&#39;or</strong></span> <span class='ocrx_word' id='word_1_228' title='bbox 827 2884 875 2923; x_wconf 93' lang='lat' dir='ltr'><strong>de</strong></span> <span class='ocrx_word' id='word_1_229' title='bbox 894 2897 937 2922; x_wconf 85' lang='lat' dir='ltr'><strong>ce</strong></span> <span class='ocrx_word' id='word_1_230' title='bbox 957 2882 1155 2934; x_wconf 61' lang='lat' dir='ltr'><strong>temps-la.</strong></span> 
     </span>
    </p>
   </div>
  </div>
 </body>
</html>
