2086 3528
548 376 626 413 280
938 370 1279 409 HISTORIARUM
1304 368 1486 407 CAROLI
1514 368 1584 406 VII

1035 540 1376 586 CAPITULUM
1408 541 1487 587 XI.

620 660 671 693 De
687 656 873 693 clementia
891 665 1018 703 magna
1039 653 1139 689 ducis
1154 653 1447 702 Burgundionum
1467 655 1512 691 ad
1531 652 1736 691 Gandenses
1752 665 1898 704 prorsus

1082 714 1195 750 victos
1210 723 1244 749 et
1263 713 1428 762 dejectos,

616 815 709 864 Sed
730 815 992 881 prudenter
1015 823 1157 879 atque
1180 814 1417 880 sapienter
1441 815 1611 863 nolens
1639 825 1737 864 tam
1759 816 1964 880 insigne,

551 901 648 941 tam
688 892 996 957 magnificum
1029 902 1229 955 totoque
1257 891 1375 939 orbe
1403 892 1660 940 christiano
1698 893 1964 954 famosum,

551 969 785 1036 oppidum
813 970 1133 1034 exstinguere,
1171 969 1300 1016 unde
1330 969 1418 1016 sibi
1441 979 1487 1017 et
1509 970 1605 1017 suis
1629 971 1787 1035 magni
1811 970 1968 1018 hacte-

550 1065 642 1095 nus
666 1058 808 1113 atque
831 1047 1002 1094 uberes
1023 1056 1345 1113 provenerant
1360 1057 1407 1094 et
1421 1065 1520 1095 non
1539 1047 1748 1096 minores
1763 1049 1814 1096 in
1832 1059 1972 1097 antea

550 1125 730 1172 fructus
756 1124 1009 1171 obventuri
1034 1124 1366 1190 sperabantur,
1413 1125 1535 1172 iram
1568 1125 1850 1190 temperavit
1877 1126 1971 1174 cle-

553 1204 760 1260 mentia,
797 1220 886 1250 nec
922 1212 1073 1250 castra
1105 1219 1191 1250 sua
1222 1219 1250 1250 a
1280 1203 1439 1269 priore
1470 1203 1581 1251 loco
1614 1204 1790 1263 movit,
1815 1203 1900 1252 sed
1921 1205 1971 1251 in

552 1280 757 1341 eisdem,
800 1278 972 1326 diebus
1012 1279 1272 1344 aliquibus,
1310 1280 1541 1327 constitit.
1581 1280 1652 1327 Ad
1690 1297 1835 1346 quem
1865 1298 1975 1346 sup-

553 1357 700 1422 plices
738 1367 808 1418 et,
847 1357 1063 1421 quamvis
1095 1374 1202 1404 sero
1249 1359 1483 1418 nimium,
1523 1357 1583 1405 de
1618 1357 1760 1405 rebus
1798 1367 1975 1406 temere

555 1437 795 1484 attentatis
818 1436 1169 1502 poenitudinem
1194 1447 1430 1501 gerentes,
1452 1438 1534 1501 qui
1558 1437 1653 1484 vivi
1675 1447 1971 1503 supererant,

555 1516 789 1562 miserunt
821 1515 1001 1579 legatos
1035 1517 1229 1562 veniam
1262 1516 1523 1581 precaturi,
1565 1515 1875 1581 ejusdemque
1905 1517 1977 1565 sui

555 1594 783 1658 principis
817 1592 1194 1640 misericordiam
1213 1630 1224 1651 ,
1251 1594 1450 1656 gratiam
1473 1610 1529 1640 ac
1559 1593 1972 1653 benevolentiam,

557 1680 609 1717 ut
641 1687 784 1734 super
817 1686 899 1716 eos
935 1685 1040 1716 eam
1073 1669 1303 1716 reducere
1339 1669 1639 1734 dignaretur,
1675 1670 1975 1736 postulaturi.

555 1751 711 1806 Quam
738 1749 936 1812 gratiam
960 1748 1438 1813 misericordiamque
1461 1749 1526 1795 eis
1540 1749 1799 1796 clementer
1818 1749 1981 1813 elargi-

557 1837 633 1873 tus
659 1829 768 1884 est¹,
796 1825 908 1872 data
933 1825 1212 1872 criminibus
1236 1826 1557 1889 indulgentia,
1584 1844 1691 1891 quae
1716 1844 1806 1875 nec
1829 1826 1975 1888 levia,

558 1923 648 1953 nec
676 1922 855 1970 pauca,
884 1904 969 1952 sed
993 1905 1268 1969 gravissima
1299 1916 1346 1952 et
1381 1905 1607 1971 perplura
1635 1906 1685 1953 in
1714 1905 1974 1966 incendiis,

559 1985 768 2032 caedibus
800 1995 846 2032 et
867 1985 1072 2051 rapinis,
1101 1984 1442 2046 seditionibus,
1467 1984 1813 2032 rebellionibus
1834 1994 1979 2050 atque

560 2063 664 2110 aliis
694 2063 832 2110 variis
871 2063 1214 2110 commiserant
1249 2062 1424 2109 modis.
1470 2066 1559 2110 Pro
1599 2062 1835 2110 nonnulla
1865 2079 1979 2111 vero

560 2141 852 2188 damnorum
883 2141 1307 2206 impensarumque
1339 2156 1366 2187 a
1401 2156 1449 2187 se
1490 2141 1539 2187 in
1582 2157 1639 2188 ea
1676 2139 1981 2205 expeditione

561 2219 790 2266 factarum
839 2234 1172 2283 recompensa,
1221 2228 1547 2265 trecentorum
1590 2217 1719 2266 mille
1763 2218 1983 2266 leonum’

561 2312 750 2343 summa
785 2296 1020 2360 oppidum
1047 2295 1318 2357 mulctavit,
1356 2295 1644 2360 abstulitque
1677 2296 1743 2344 eis
1781 2296 1856 2344 vel
1892 2313 1979 2363 pro

563 2390 651 2421 suo
688 2382 806 2419 nutu
841 2372 1106 2419 decurtavit
1135 2371 1378 2437 privilegia
1401 2371 1516 2419 olim
1542 2372 1602 2420 ab
1625 2373 1691 2420 eis
1717 2383 1947 2439 praetensa
1964 2412 1976 2436 ,

562 2461 608 2498 et
643 2449 901 2513 aliquando
927 2450 972 2495 vi
998 2449 1156 2513 potius
1193 2448 1266 2495 vel
1296 2459 1425 2495 metu
1466 2466 1492 2496 a
1527 2451 1621 2496 suis
1646 2460 1774 2498 retro
1805 2451 1982 2516 princi-

563 2529 705 2595 pibus
719 2566 730 2588 ,
754 2527 1010 2575 comitibus
1034 2526 1287 2584 Flandriae,
1304 2537 1489 2574 extorta
1502 2565 1513 2586 ‚
1530 2544 1676 2592 quam
1696 2528 1848 2576 libero
1865 2545 1983 2576 con-

564 2625 703 2656 sensu
731 2623 785 2654 ac
805 2605 1149 2652 rationabiliter
1174 2604 1357 2651 indulta
1378 2625 1389 2666 3
1418 2622 1625 2670 quorum
1645 2606 1735 2654 sub
1755 2606 1977 2668 obtentu,

615 2745 653 2781 1.
686 2743 761 2779 Par
780 2740 817 2778 le
837 2738 945 2776 traite
974 2738 1022 2775 de
1051 2738 1179 2776 Gavre
1201 2738 1262 2784 (31
1298 2736 1425 2785 juillet
1452 2739 1581 2787 1453)
1605 2737 1698 2777 dont
1725 2738 1911 2778 Matthieu
1933 2738 1982 2778 do

559 2803 705 2851 Coussy
728 2806 910 2850 rapporte
928 2797 963 2836 le
984 2805 1107 2842 texte,
1129 2796 1224 2835 dans
1242 2796 1455 2848 Godesroy,
1476 2811 1515 2849 p.
1541 2800 1616 2837 657
1638 2807 1676 2837 et
1692 2798 1791 2838 suiv.

614 2863 654 2898 2.
686 2858 864 2898 Monnaie
882 2857 966 2895 d'or
984 2858 1004 2895 ὸ
1021 2856 1176 2909 l’estigie
1193 2855 1246 2894 du
1265 2855 1343 2894 lion
1364 2856 1411 2895 de
1429 2856 1606 2898 Flandre.
