2086 3528
499 364 550 400 40
884 361 1229 399 HISTORIARUM
1257 361 1437 398 CAROLI
1463 361 1534 397 VH

565 450 623 492 Et
654 445 718 491 ita
756 460 880 509 saepe
908 444 1033 490 inter
1065 443 1374 490 Armeniacos
1412 441 1676 508 appellatos
1719 451 1765 489 et
1798 445 1923 488 Bur*

501 523 787 589 gundiones,
811 522 1008 569 diversis
1035 521 1085 568 in
1119 521 1237 568 locis
1260 531 1307 568 et
1335 522 1566 579 terminis,
1603 521 1735 569 vario
1764 530 1917 568 marte

501 610 733 649 certatum
771 608 868 658 est,
907 608 953 646 et
997 598 1246 663 utriusque
1282 599 1497 663 partibus
1540 599 1677 664 plura
1711 598 1914 665 oppida,

501 677 691 726 castella
714 686 758 724 et
782 676 902 724 villae
924 675 1118 741 direptae
1137 685 1184 722 et
1207 686 1413 724 vastatae.

963 885 1305 933 CAPITULUM
1337 882 1460 932 XVI.

502 1025 662 1070 Qualiter
677 1025 875 1072 Anglorum
894 1036 954 1058 rex
977 1022 1226 1058 obsidionibus
1249 1021 1433 1069 acquisivit
1446 1020 1586 1057 Meldos
1601 1030 1636 1057 et
1650 1021 1874 1066 Meldinum;
1891 1031 1925 1058 et

549 1084 594 1119 de
623 1084 854 1119 exstinctione
883 1083 982 1118 ducis
1013 1083 1212 1127 Clarentiae,
1240 1092 1343 1130 atque
1368 1083 1469 1118 obitu
1491 1082 1635 1119 Hem-ici
1661 1084 1860 1132 Anglorum
1889 1092 1925 1119 et

552 1144 671 1179 Caroli
685 1144 739 1179 VI
754 1144 989 1188 Francorum,
1006 1155 1143 1190 regum.

572 1267 833 1332 Anglorum
863 1284 979 1315 vero
1005 1269 1130 1328 rex¹‚
1167 1277 1219 1315 ut
1242 1267 1304 1314 ad
1326 1277 1541 1315 nostram
1557 1301 1571 1326 ‚
1597 1267 1727 1316 unde
1755 1267 1925 1334 paulu-

506 1346 607 1392 lum
638 1345 835 1409 digressi
860 1362 1050 1404 sumus,
1074 1344 1389 1411 principalem
1412 1345 1737 1393 narrationem
1761 1345 1927 1394 redea-

507 1440 632 1484 mus,
653 1439 766 1470 cum
785 1424 885 1486 jam
906 1423 1196 1470 Parisiorum
1218 1422 1389 1471 urbem
1412 1433 1459 1470 et
1480 1423 1595 1471 alias
1612 1424 1930 1489 praenomina-

508 1510 595 1559 tas,
621 1500 759 1548 titulo
782 1500 983 1547 haeredis
1005 1509 1051 1547 et
1069 1500 1465 1548 administratoris
1478 1501 1628 1565 regni,
1645 1501 1925 1566 possideret,

510 1595 683 1643 magna
695 1578 824 1644 [ope]
836 1579 895 1626 ad
907 1588 1098 1626 caeteras
1111 1578 1397 1643 subigendas
1409 1587 1455 1626 et
1464 1595 1559 1626 suae
1571 1578 1847 1628 subdendas
1857 1579 1931 1628 di-

510 1657 629 1705 tioni
653 1657 896 1722 satagebat
919 1657 1130 1704 civitates
1155 1666 1297 1720 atque
1321 1657 1501 1722 oppida
1517 1693 1529 1716 ‚
1552 1673 1658 1722 quae
1678 1657 1927 1723 delphino,

511 1744 563 1781 ut
581 1735 914 1799 praemisimus,
934 1734 1235 1782 exhaeredato
1255 1734 1505 1799 parebant.
1535 1734 1674 1782 Unde
1693 1735 1937 1784 civitatem

510 1812 803 1860 Meldensem
839 1822 885 1859 et
908 1812 1170 1859 Meldinum
1192 1812 1429 1878 oppidum
1443 1815 1473 1871 ²,
1509 1822 1556 1860 et
1585 1812 1820 1860 nonnulla
1842 1813 1933 1862 alia

509 1890 633 1948 loca,
661 1890 918 1937 contractis
940 1889 1337 1954 Burgundionum
1359 1890 1559 1951 auxiliis,
1585 1890 1739 1955 longis
1762 1900 1810 1938 et
1833 1891 1933 1939 dif-

512 1967 716 2015 ficilibus
745 1967 1080 2015 obsidionibus
1112 1967 1174 2015 ad
1198 1967 1496 2016 deditionem
1521 1969 1755 2035 compulit
1776 1978 1823 2016 et
1844 1985 1932 2017 suo

513 2045 687 2109 adJecit
709 2044 933 2109 imperio.

579 2123 707 2171 Alter
722 2139 838 2171 vero
856 2140 913 2170 ex
929 2124 1026 2171 suis
1047 2124 1284 2187 germanis
1306 2124 1531 2183 ThomaS‚
1555 2124 1800 2172 Clarentiae
1815 2123 1930 2184 dux,

513 2219 624 2250 cum
663 2202 847 2265 magnis
893 2202 1153 2266 Anglorum
1200 2202 1350 2267 copiis
1395 2211 1551 2267 partes
1596 2203 1936 2251 Cenomanniae

513 2289 656 2344 atque
680 2279 962 2344 Andegaviae
984 2296 1252 2344 aggressus,
1280 2289 1326 2326 et
1355 2279 1591 2327 incautius
1615 2297 1666 2327 se
1691 2297 1881 2345 gerens,
1908 2295 1936 2327 a

514 2373 690 2422 magno
711 2361 1004 2404 Francorum
1030 2367 1077 2404 et
1099 2360 1354 2404 Scotorum
1375 2357 1564 2420 agmine
1580 2367 1820 2423 exceptus,
1844 2357 1937 2405 illic

514 2451 627 2482 curn
650 2451 735 2482 sua
755 2445 896 2499 gente
920 2434 1050 2500 apud
1068 2434 1355 2498 Baugiacum
1377 2434 1633 2483 exstinctus
1653 2436 1762 2483 θεῖ’.
1792 2435 1937 2500 Cujus

515 2512 650 2561 clade
677 2522 946 2578 comperta,
981 2513 1154 2560 dixisse
1183 2511 1331 2559 fertur
1355 2512 1616 2577 Anglorum
1651 2530 1756 2575 rex,
1796 2513 1938 2560 frater

515 2608 651 2651 suus,
690 2590 824 2655 quod
866 2591 905 2638 si
939 2591 1074 2638 vivus
1105 2590 1353 2648 evasisset,
1383 2607 1493 2638 eum
1520 2592 1688 2640 mortis
1711 2590 1939 2640 aisecisset

571 2740 608 2776 1.
642 2736 764 2776 Henri
781 2737 827 2777 V.

567 2799 605 2836 2.
639 2800 779 2836 Meaux
798 2806 835 2835 et
853 2796 997 2835 Melun.

570 2860 608 2896 3.
639 2856 798 2896 Bataille
818 2855 866 2895 de
888 2856 1017 2909 Bauge
1039 2869 1087 2895 en
1108 2855 1250 2904 Anjou,
1273 2858 1323 2896 23
1344 2870 1445 2896 mars
1469 2860 1587 2896 1421.
