2086 3528
689 403 833 440 LIBER
861 401 1130 440 SECUNDUS.
1574 403 1622 438 57

215 498 270 538 et·
284 489 544 556 stipendio,
574 497 734 534 tamen
766 485 945 551 oppida
967 495 1013 533 et
1037 495 1189 533 castra
1210 484 1498 545 incolebant,
1520 501 1625 550 quae

215 566 405 614 Francis
440 574 692 631 parerent,
729 573 777 610 et
804 579 905 610 sese
935 579 990 610 ac
1022 562 1205 628 praedas
1234 579 1341 610 suas
1373 563 1422 609 in
1454 562 1625 610 iisdem

214 643 548 710 receptabant,
579 651 713 689 erant
745 640 824 688 alii
852 641 954 688 sine
987 656 1191 687 numero
1220 640 1455 706 desperati
1484 649 1626 704 atque

141 742 147 747 ·
213 720 384 788 perditi
412 719 661 781 homines,
703 719 785 784 qui
820 735 902 767 seu
950 717 1198 777 socordia,
1237 734 1320 765 seu
1370 717 1625 781 Anglorum

214 798 354 862 odio,
378 799 453 847 vel
485 797 683 846 libidine
705 798 858 845 aliena
880 795 1094 861 rapiendi
1120 812 1201 843 seu
1226 796 1517 843 conscientia
1536 795 1626 842 cri-

214 877 397 926 minum
434 875 677 937 stimulati,
706 885 759 923 ut
791 875 951 938 legum
983 873 1239 921 evaderent
1270 873 1489 938 laqueos,
1516 873 1627 920 reli-

214 955 300 1004 ctis
317 954 439 1019 agris
457 963 505 1001 et
517 953 741 1000 domibus
760 952 982 1018 propriis,
1003 968 1101 1022 non
1120 951 1315 1016 quidem
1334 955 1627 999 Francorum

215 1033 390 1100 oppida
414 1049 495 1079 seu
529 1041 681 1078 castra
716 1030 978 1078 incolerent
994 1066 1006 1088 ‚
1033 1039 1115 1077 aut
1143 1030 1192 1076 in
1225 1046 1393 1076 eorum
1417 1029 1628 1076 exerciti-

214 1109 305 1158 bus
328 1109 601 1168 militarent,
624 1108 709 1156 sed
733 1108 939 1156 ferarum
966 1124 1101 1155 more
1119 1124 1174 1155 ac
1202 1107 1427 1173 luporum
1447 1106 1628 1154 densis-

215 1189 334 1237 sima
352 1188 577 1236 silvarum
599 1197 646 1235 et
661 1188 899 1234 inaccessa
913 1186 1019 1233 loca
1032 1185 1275 1247 tenebant,
1295 1185 1442 1246 unde,
1459 1185 1628 1232 esuriei

215 1283 271 1314 ac
290 1266 426 1314 samis
449 1275 732 1331 perurgente
754 1264 902 1326 rabie,
934 1274 1156 1311 exeuntes
1178 1263 1458 1329 plerumque
1481 1273 1629 1310 noctu

216 1353 263 1391 et
283 1343 333 1391 in
355 1343 563 1391 tenebris
580 1380 591 1402 ,
619 1342 877 1407 aliquando
897 1342 1040 1389 eliam
1073 1341 1307 1401 interdiu,
1346 1340 1429 1387 sed
1452 1341 1624 1399 rarius,

216 1421 530 1486 agricolarum
556 1422 874 1486 irrumpentes
906 1419 1103 1480 domos,
1131 1419 1272 1466 bonis
1298 1436 1465 1466 eorum
1503 1419 1628 1466 dire-

215 1500 308 1566 ptis
325 1538 338 1562 ,
367 1499 561 1547 eosdem
585 1499 798 1565 captivos
830 1498 892 1546 ad
915 1514 1021 1544 suas
1050 1498 1098 1544 in
1130 1497 1256 1544 silvis
1289 1496 1630 1544 occultissimas

216 1577 443 1637 latebras,
468 1576 788 1634 abducebant,
826 1583 872 1622 et
906 1591 988 1622 eos
1018 1573 1112 1621 illic
1139 1575 1279 1621 variis
1309 1574 1631 1622 excruciantes

217 1655 466 1703 tormentis
488 1671 543 1702 ac
564 1653 753 1714 inediis,
785 1652 846 1700 ad
869 1669 1080 1716 magnas,
1098 1669 1187 1717 pro
1205 1653 1277 1699 sui
1299 1651 1631 1716 redemptione

218 1742 266 1781 et
285 1731 584 1790 liberatione,
609 1731 919 1796 pecuniarum
949 1746 1180 1789 summas,
1218 1739 1264 1777 et
1286 1730 1376 1777 alia
1399 1746 1504 1794 quae
1522 1730 1631 1776 usui

219 1810 482 1858 necessaria
507 1819 749 1875 putarant,
777 1808 1083 1856 coarctabant
1108 1808 1169 1855 ad
1192 1825 1336 1873 quem
1365 1809 1633 1855 statuissent

219 1886 395 1946 locum,
422 1886 655 1952 praefinito
675 1886 769 1943 die,
799 1885 1135 1952 deportandas
1158 1886 1228 1933 Ad
1245 1885 1378 1952 quod
1397 1886 1435 1932 si
1458 1885 1633 1934 defice-

221 1976 342 2028 rent,
363 1965 438 2014 vel
455 1966 510 2026 ii,
537 1982 659 2031 quos
681 1965 872 2013 obsides
896 1964 1212 2028 reliquissent,
1241 1964 1633 2013 inhumanissime

222 2042 563 2105 tractabantur,
586 2043 659 2091 vel
675 2044 780 2109 ipsi,
801 2044 838 2090 si
852 2044 1024 2090 iterum
1038 2043 1096 2090 ad
1119 2060 1200 2089 eos
1218 2042 1634 2108 comprehenden-

224 2122 341 2170 dum
361 2121 615 2169 latrunculi
637 2122 726 2187 ipsi
743 2121 1006 2187 potuissent
1031 2123 1297 2187 pervenire,
1321 2122 1632 2182 necabantur,

225 2209 306 2261 aut
334 2216 502 2247 eorum
524 2199 715 2259 domus,
741 2200 850 2263 igne
874 2209 1019 2246 noctu
1045 2199 1168 2246 clam
1188 2201 1424 2266 apposito,
1445 2217 1638 2248 crema-

224 2275 415 2324 bantur.
435 2279 538 2323 Hoc
554 2277 789 2341 siquidem
810 2293 958 2340 genus
979 2276 1341 2342 desperatorum
1363 2277 1634 2337 hominum,

227 2355 311 2419 qui
332 2354 474 2418 vulgo
500 2375 522 2400 «
555 2353 796 2418 Brigandi¹
814 2375 836 2399 n
863 2354 1243 2420 appellabantur,
1264 2356 1438 2403 mirum
1462 2357 1511 2403 in
1540 2373 1640 2403 mo-

229 2431 346 2478 dum
376 2432 425 2478 in
462 2433 753 2480 Normannia
783 2442 829 2479 et
863 2432 1188 2496 adjacentibus
1214 2434 1474 2498 provinciis
1500 2443 1639 2498 atque

230 2509 384 2566 terris,
411 2525 529 2573 quas
561 2510 737 2574 Anglici
763 2509 1084 2576 occupabant,
1111 2512 1297 2558 vexavit
1324 2521 1369 2559 et
1391 2528 1530 2575 agros
1552 2528 1640 2576 po-

285 2662 323 2698 1.
354 2662 537 2712 Ducange
553 2659 625 2698 cite
644 2660 711 2698 des
724 2660 919 2712 exemples
938 2660 986 2699 de
1000 2674 1043 2700 ce
1054 2670 1135 2700 mot
1156 2661 1241 2710 deja
1259 2661 1436 2712 employe
1451 2660 1502 2697 du
1521 2668 1643 2710 temps

231 2720 285 2758 du
306 2719 365 2757 roi
381 2722 476 2757 Jean
499 2733 596 2771 pour
616 2720 793 2774 designer
811 2722 867 2760 les
885 2723 1086 2762 fantassins
1105 2722 1172 2762 des
1186 2722 1431 2774 compagnies
1447 2720 1640 2768 franches,

230 2788 269 2819 et·
283 2787 519 2818 notamment
539 2792 636 2818 ceux
654 2781 720 2831 qui
737 2782 916 2820 venaient
934 2795 1146 2834 guermyer
1164 2782 1312 2820 d'Italie
1338 2794 1385 2819 en
1406 2783 1564 2819 France.
1590 2783 1644 2818 Le

231 2838 434 2892 Religieux
453 2837 501 2877 de
526 2839 766 2879 Saint-Denis
784 2842 892 2893 place
908 2842 1085 2894 l’origine
1105 2842 1172 2880 des
1197 2840 1384 2894 Brigands
1405 2842 1423 2877 a
1443 2840 1518 2877 l'an
1538 2842 1641 2877 1418

235 2907 273 2938 et
290 2899 357 2937 fait
368 2898 482 2937 sortir
493 2898 549 2937 les
567 2899 753 2950 premiers
768 2899 816 2939 de
835 2900 872 2939 la
885 2901 1016 2940 Vallee
1030 2901 1078 2940 de
1090 2900 1384 2948 Montmorenci‚
1399 2907 1426 2937 t.
1438 2901 1504 2947 VI,
1519 2913 1558 2951 p.
1576 2901 1641 2937 89.
