2086 3528
499 370 549 405 44
880 363 1222 402 HISTORIARUM
1249 361 1431 400 CAROLI
1458 362 1529 397 VII

499 449 656 497 civilia
685 456 826 511 atque
850 445 1070 492 intestina
1085 481 1097 505 ,
1123 460 1269 508 quam
1300 452 1492 490 externa
1516 451 1562 489 et
1581 440 1772 488 hostilia
1796 457 1915 506 per—

499 536 692 574 ventum
719 534 813 583 est,
839 532 1048 569 retexere
1069 557 1082 580 ‚
1105 521 1218 568 inde
1238 538 1329 568 nos
1353 519 1694 567 rationabiliter
1714 518 1914 566 aestima-

500 620 608 651 mus
624 612 796 649 nostrae
809 600 955 647 totius
971 598 1255 662 narrationis
1270 599 1458 645 initium
1475 610 1618 662 atque
1634 596 1916 644 fundamen-

500 691 603 727 tum
623 680 807 744 jecisse.
829 681 950 726 Nam
971 686 1018 724 et
1041 677 1308 742 peremptio
1329 676 1463 723 ducis
1479 675 1912 735 Aurelianensium,

500 774 606 822 quae
642 766 785 822 caput
825 765 871 803 et
907 755 1042 818 origo
1079 753 1298 800 omnium
1330 753 1651 801 calamitatum
1686 752 1736 799 in
1767 767 1916 816 regno

502 836 698 895 exstitit,
724 835 796 882 sui
830 833 1059 898 temporis
1089 831 1203 891 fuit,
1235 841 1282 879 et
1307 847 1365 878 eo
1391 831 1491 895 jam
1523 840 1637 879 nato
1665 830 1917 896 plusquam

503 913 744 978 septenni,
778 921 911 977 patre
947 911 1089 958 etiam
1136 926 1224 956 suo
1263 909 1364 973 jam
1396 918 1557 956 mente
1593 918 1758 974 capto,
1797 924 1919 956 con-

502 993 620 1056 tigit.

567 1071 757 1116 Mortuo
791 1068 980 1132 itaque,
1008 1076 1061 1113 ut
1093 1066 1338 1131 superiore
1371 1064 1616 1112 retulimus
1649 1063 1796 1122 libro,
1830 1067 1919 1113 Ca-

504 1147 606 1195 rolo
623 1150 709 1207 Vl,
735 1157 869 1212 patre
893 1163 1002 1205 suo,
1022 1144 1221 1192 Carolus
1232 1146 1316 1190 V11
1338 1143 1388 1189 in
1407 1159 1607 1207 regnum
1629 1146 1921 1191 Francorum

504 1225 744 1285 successit,
762 1241 890 1271 anno
906 1223 1103 1272 Domini
1120 1237 1434 1279 M.cccc.xxn,
1454 1238 1565 1268 cum
1578 1237 1759 1268 annum
1775 1222 1922 1270 aetatis

505 1313 662 1367 ageret
684 1303 870 1350 circiter
891 1301 1169 1348 vicesimum
1194 1298 1511 1358 secundum¹3
1532 1297 1665 1362 quod
1689 1298 1784 1345 suis
1802 1307 1921 1346 tem-

505 1380 703 1446 poribus
714 1417 726 1440 ,
743 1389 846 1427 tum
861 1378 1099 1426 diuturnis
1114 1376 1417 1424 causantibus
1434 1376 1612 1440 guerris
1629 1385 1677 1423 et
1691 1376 1924 1424 intestinis

504 1467 551 1504 et
582 1457 812 1515 externis,
846 1467 949 1503 tum
978 1456 1244 1521 regentium
1273 1471 1327 1502 ac
1355 1455 1561 1512 ducum,
1589 1453 1674 1518 qui
1701 1453 1791 1500 sub
1817 1454 1922 1519 ipso

505 1545 662 1595 erant,
703 1534 923 1582 socordia
958 1543 1100 1597 atque
1138 1533 1325 1596 ignavia
1341 1568 1353 1591 ,
1391 1541 1492 1579 tum
1530 1532 1673 1579 etiam
1710 1531 1926 1579 militaris

506 1612 764 1677 disciplinae
779 1622 826 1659 et
843 1612 1024 1659 ordinis
1042 1612 1267 1669 carentia,
1295 1621 1342 1658 et
1360 1619 1652 1658 armatorum
1669 1609 1925 1675 rapacitate

506 1700 648 1754 atque
670 1690 949 1737 omnimoda
972 1689 1307 1750 dissolutione,
1331 1689 1393 1737 ad
1410 1699 1591 1737 tantam
1609 1688 1925 1736 vastationem

506 1768 723 1834 pervenit
733 1770 763 1828 ²,
786 1778 839 1815 ut
856 1784 884 1815 a
904 1768 1102 1815 flumine
1121 1768 1296 1832 Ligeris
1317 1784 1469 1832 usque
1488 1767 1550 1815 ad
1573 1770 1862 1832 Sequanam,
1879 1775 1926 1814 et

505 1846 617 1893 inde
639 1863 791 1911 usque
813 1845 875 1894 ad
898 1846 1098 1893 fluvium
1119 1848 1420 1905 Summonae,
1442 1845 1643 1892 mortuis
1661 1843 1737 1893 vel
1758 1845 1926 1910 profli-

506 1926 623 1989 gatis
641 1925 842 1983 colonis,
863 1941 1030 1972 omnes
1046 1925 1144 1989 agri
1166 1924 1329 1985 ferme,
1346 1934 1391 1971 et
1410 1924 1511 1971 sine
1533 1924 1738 1983 cultura,
1758 1932 1806 1970 et
1822 1923 1923 1970 sine

506 2002 696 2068 populis
719 2019 745 2049 a
771 2001 945 2065 quibus
967 2002 1059 2049 coli
1083 2003 1376 2067 potuissent,
1404 2018 1491 2067 per
1515 2017 1670 2048 annos
1692 2000 1925 2066 plurimos

507 2079 745 2144 longaque
791 2090 1006 2145 tempora
1048 2080 1425 2145 permanserint;
1470 2078 1633 2144 paucis
1679 2077 1926 2126 dumtaxat

506 2158 820 2223 portiunculis
856 2168 988 2205 terrae
1021 2158 1249 2222 exceptis,
1278 2158 1325 2203 in
1362 2156 1561 2221 quibus,
1599 2157 1637 2203 si
1670 2155 1788 2221 quid
1822 2165 1926 2203 tum

507 2235 770 2296 colebatur,
815 2236 982 2300 procul
1014 2251 1041 2281 a
1063 2234 1355 2294 civitatibus,
1380 2234 1570 2299 oppidis
1595 2234 1671 2280 vel
1697 2232 1922 2291 castellis,

506 2322 702 2379 propter
723 2313 1006 2378 praedonum
1029 2312 1239 2360 assiduas
1268 2312 1562 2359 incursiones
1577 2348 1589 2369 ‚
1613 2311 1804 2359 extendi
1826 2327 1926 2360 non

507 2401 708 2457 poterat.
746 2390 945 2438 Inferior
972 2401 1132 2438 tamen
1170 2390 1463 2437 Normannia
1497 2391 1544 2436 in
1578 2389 1842 2453 Bajocismo
1881 2399 1929 2438 et

508 2468 862 2529 Constantino³,
901 2485 959 2515 eo
995 2467 1128 2533 quod
1148 2467 1237 2514 sub
1274 2467 1533 2531 Anglorum
1555 2467 1737 2515 ditione
1769 2468 1926 2516 consi-

512 2558 656 2608 stenS,
681 2546 741 2594 ab
778 2547 1132 2594 adversantium
1166 2544 1514 2593 munitionibus
1536 2545 1725 2611 longius
1741 2545 1922 2606 aberat,

564 2688 582 2724 1
594 2715 603 2725 .
634 2684 665 2723 Il
680 2684 824 2723 n’avait
841 2697 916 2735 que
932 2683 1041 2736 vingt
1052 2696 1119 2722 ans
1137 2691 1174 2722 et
1191 2682 1308 2731 demi,
1328 2683 1432 2721 etant
1450 2684 1498 2721 ne
1515 2684 1550 2722 le
1571 2686 1621 2722 22
1643 2684 1785 2724 sievrier
1806 2687 1925 2725 1402.

565 2747 603 2782 2.
635 2747 686 2784 Ce
705 2743 772 2796 qui
791 2744 866 2783 suit
882 2743 933 2782 du
953 2744 1107 2795 present
1126 2743 1367 2796 paragraphe
1383 2757 1406 2782 a
1428 2744 1487 2782 cte
1506 2744 1688 2783 intercal&
1707 2759 1801 2785 avec
1815 2745 1929 2798 quel-

514 2819 608 2857 ques
627 2805 899 2859 changements
915 2804 1010 2844 dans
1024 2805 1078 2842 les
1098 2807 1267 2841 Annales
1285 2807 1474 2842 Flandriae
1494 2805 1542 2843 de
1563 2808 1710 2857 Meyer,
1734 2805 1801 2846 lib.
1822 2807 1926 2844 XVI.

570 2870 607 2905 3.
639 2869 693 2905 Le
712 2865 843 2905 Bessin
863 2874 900 2904 et
919 2866 954 2904 le
973 2865 1161 2904 Cotentin.
