2086 3528
519 316 596 353 136
892 312 1239 351 HISTORIARUM
1263 312 1447 350 CAROLI
1473 313 1543 350 VH

526 403 668 458 atque
694 392 978 440 dominandi
999 392 1198 439 nimiam
1211 409 1379 456 gerens
1394 391 1707 458 cupiditatem
1718 410 1775 442 ac
1790 394 1942 444 libidi-

523 488 636 520 nem
651 509 663 532 ,
687 486 715 518 a
738 470 865 518 duce
889 469 1118 517 Borbonii
1131 479 1179 517 et
1195 469 1481 535 quibusdam
1495 471 1943 537 pravishominihus

523 559 796 613 suggestum
819 558 888 595 est
912 557 965 594 ut
987 548 1121 611 regni
1140 547 1520 610 moderationem
1546 559 1688 614 atque
1711 551 1944 600 ministra-

524 628 707 674 tionem
729 626 908 674 habere
939 627 1100 692 potius
1125 626 1322 674 deberet
1345 644 1490 692 quam
1515 639 1651 694 pater
1685 646 1798 676 suus
1819 666 1832 689 ‚
1860 640 1943 678 aut

523 705 746 752 nonnulli
764 705 848 770 qui
866 704 992 752 circa
1007 704 1143 751 illum
1167 714 1302 752 erant
1322 723 1332 751 ε
1362 721 1472 757 cum
1496 706 1625 753 idem
1647 716 1782 772 pater
1797 723 1910 755 suus
1925 745 1938 770 ‚

523 784 624 831 otio
647 800 822 831 vacans
842 792 889 830 et
912 783 1060 844 luxui,
1082 799 1282 847 regnum
1311 792 1407 829 tam
1431 783 1491 831 ab
1511 783 1728 832 hostibus
1746 801 1893 850 quam
1913 800 1942 832 a

525 863 622 909 suis
639 900 651 923 ,
678 862 814 926 quasi
837 861 1018 909 nullam
1043 861 1103 908 de
1126 860 1226 924 ejus
1249 859 1400 908 salute
1424 871 1471 908 et
1502 861 1828 910 incolumitate
1857 879 1940 910 seu

526 939 805 987 defensione
817 956 983 986 curam
1004 938 1188 986 habens
1204 974 1217 996 ‚
1235 938 1406 1003 diripi,
1431 938 1627 987 lacerari
1649 950 1696 988 et
1707 940 1944 995 devastari

526 1016 707 1081 ubique
731 1017 1050 1081 permitteret;
1075 1015 1175 1080 ipse
1193 1031 1310 1063 vero
1330 1015 1413 1079 qui
1427 1016 1615 1080 J'uvenis
1630 1026 1677 1063 et
1697 1018 1942 1065 animosus

521 1095 668 1154 foret,
694 1096 732 1142 si
747 1094 894 1142 semel
914 1095 1061 1160 ipsius
1085 1094 1218 1157 regni
1243 1092 1565 1159 gubernacula
1591 1106 1936 1162 assequeretur,

527 1171 661 1220 facile
682 1173 855 1220 talibus
876 1171 1198 1220 incommodis
1221 1171 1436 1219 obviaret
1461 1182 1508 1219 et
1532 1173 1742 1222 remedia
1762 1191 1941 1242 oppor-

522 1259 639 1297 tuna
665 1249 871 1311 afferret,
894 1266 1093 1314 remque
1111 1245 1373 1316 publicam,
1403 1267 1597 1316 prorsus
1618 1251 1852 1318 dilapsam
1873 1263 1942 1302 at-

527 1344 622 1391 que
637 1344 790 1393 prope
804 1328 1084 1375 exstinctam
1101 1365 1113 1389 ,
1131 1344 1217 1377 sua
1238 1329 1479 1392 vigilantia
1502 1338 1546 1377 et
1565 1330 1798 1379 industria
1808 1330 1944 1379 brevi

525 1415 743 1471 tempore
773 1404 1056 1454 instauraret
1072 1444 1084 1467 ,
1109 1416 1155 1453 et
1178 1406 1382 1472 publicis
1410 1407 1568 1471 ejectis
1592 1407 1812 1457 hostibus
1828 1445 1842 1470 ,
1868 1426 1946 1458 re-

527 1501 676 1547 gnum
696 1484 854 1549 ipsum
874 1484 935 1532 ad
952 1484 1154 1549 priscam
1179 1484 1419 1550 dignitatis
1441 1503 1535 1534 suae
1556 1503 1613 1534 ac
1634 1486 1822 1536 decoris
1843 1504 1947 1553 gra-

521 1562 641 1610 tiam
663 1572 810 1626 atque
833 1563 1128 1627 opulentiam
1151 1573 1414 1612 revocaret.

588 1640 780 1687 Talibus
804 1640 1128 1688 delinimentis
1162 1652 1305 1706 atque
1330 1643 1431 1690 aliis
1455 1642 1789 1707 hujuscemodi
1806 1645 1946 1709 juve·

521 1719 595 1766 nis
620 1718 698 1766 ille
725 1719 914 1766 animus
937 1719 1119 1768 illectus
1152 1720 1270 1785 (nec
1292 1721 1423 1768 enim
1445 1721 1637 1770 difficile
1659 1733 1730 1770 est
1744 1739 1947 1788 ‘persua-

523 1797 637 1845 dere
659 1797 898 1862 volenti),
918 1814 1089 1845 eorum
1108 1799 1284 1845 auxilio
1302 1809 1350 1846 et
1374 1801 1602 1862 factione,
1623 1801 1708 1866 qui
1726 1800 1816 1848 sibi
1836 1801 1948 1850 talia

526 1876 813 1936 suaderent,
841 1876 1000 1942 plures
1028 1893 1085 1923 ex
1119 1876 1325 1924 ducibus
1351 1888 1556 1944 paternae
1578 1880 1756 1927 militiae
1791 1879 1949 1927 militi-

527 1953 716 2019 busque
752 1955 814 2002 ad
844 1972 893 2002 se
923 1954 1142 2020 pellexit,
1172 1957 1280 2021 qui,
1318 1973 1554 2005 novarum
1584 1974 1746 2005 rerum
1784 1957 1946 2023 cupidi

528 2033 893 2098 invidentesque
925 2050 1094 2081 eorum
1125 2035 1333 2082 felicitati
1362 2035 1446 2098 qui
1480 2034 1752 2100 potioribus
1778 2052 1829 2083 se
1854 2035 1942 2083 bo-

521 2112 597 2158 nis
622 2122 704 2159 aut
738 2112 1007 2160 honoribus
1045 2113 1334 2179 potirentur,
1372 2129 1471 2159 non
1507 2129 1710 2177 regnum
1745 2130 1946 2179 remque

521 2190 668 2255 ipsius
689 2190 933 2256 publicam
955 2190 1132 2238 salvam
1163 2190 1263 2237 sore
1283 2228 1295 2250 ,
1323 2189 1408 2237 sed
1434 2207 1530 2238 suae
1556 2191 1804 2239 dumtaxat
1831 2191 1944 2239 libi-

526 2268 630 2315 dini
659 2277 706 2315 et
735 2268 1077 2333 cupiditatibus
1105 2268 1370 2316 satisfacere
1392 2268 1652 2334 cupiebant
1671 2287 1683 2328 ;
1705 2269 1947 2318 traxisset-

522 2362 617 2411 que
650 2347 815 2410 utique
852 2345 985 2394 brevi
1019 2346 1080 2393 ad
1111 2363 1162 2393 se
1196 2345 1455 2411 plurimOS,
1489 2357 1773 2412 patremque
1811 2349 1945 2396 omni

522 2433 755 2490 potestate
772 2424 1027 2489 privasset,
1047 2424 1137 2471 nisi
1156 2423 1318 2471 divina
1335 2423 1611 2487 clementia,
1634 2442 1708 2473 res
1726 2426 1945 2475 miserata

519 2503 786 2562 humanas,
822 2518 849 2549 a
884 2501 964 2549 tali
989 2503 1130 2550 exitio
1152 2519 1313 2566 regem
1347 2519 1644 2568 regnumque
1681 2503 1940 2554 liberasset.

524 2583 562 2627 V
567 2580 701 2627 idens
726 2579 852 2627 enim
890 2597 971 2626 rex
1010 2581 1057 2626 in
1091 2581 1230 2628 tantis
1269 2598 1318 2628 se
1358 2582 1670 2630 constitutum
1692 2583 1940 2648 periculis,

517 2676 618 2707 sese
640 2676 667 2707 a
690 2658 834 2722 longo
861 2658 989 2705 velut
1011 2675 1185 2723 sopore
1208 2662 1432 2707 suscitare
1457 2677 1685 2726 armaque
1707 2662 1945 2727 suscipere

519 2736 797 2802 compulsus
825 2744 912 2783 est.
940 2735 1213 2784 Adsciscens
1237 2738 1397 2802 itaque
1419 2754 1477 2786 ex
1499 2739 1676 2786 militiae
1696 2755 1792 2788 suae
1812 2740 1944 2788 duci-

518 2815 610 2863 bus
648 2831 770 2880 quos
793 2812 916 2861 fidos
949 2814 1105 2880 potuit
1143 2808 1381 2879 invenire,
1412 2812 1564 2864 filium
1597 2833 1739 2865 suum
1770 2816 1941 2886 praefa-

1952 0 2082 108 ἵ
