2086 3528
741 357 887 394 LIBER
919 357 1119 395 PRIMUS.
1618 360 1641 394 5

710 512 1054 558 CAPITULUM
1088 514 1145 558 ll.

216 642 356 687 Quibus
379 654 422 676 ex
438 642 551 677 causis
569 641 694 677 odium
713 641 842 677 exarsit
857 641 951 676 inter
966 641 987 675 J
989 653 1157 685 oannem,
1179 640 1309 677 ducem
1324 641 1619 689 Burgundionum
1632 668 1643 687 ‚

665 712 700 739 et
717 703 1024 739 Aurelianensium
1040 703 1181 739 ducem.

282 817 416 862 Pater
433 813 534 878 ejus
547 813 747 862 Carolus
761 817 846 876 Vl,
867 831 954 880 per
969 830 1124 862 annos
1141 814 1375 879 plurimos
1388 824 1644 879 antequam

215 893 438 957 migraret
469 909 495 939 e
526 891 722 954 saeculo,
758 898 839 939 seu
872 891 1070 956 alicujus
1103 891 1324 939 veneficii
1358 909 1530 957 opera,
1562 910 1645 940 seu

214 968 442 1018 naturalis
463 969 600 1036 lapsu
623 969 994 1035 complexionis,
1015 969 1063 1016 in
1085 969 1297 1017 furorem
1321 979 1465 1034 atque
1486 987 1648 1018 ameu-

213 1047 329 1095 tiam
351 1063 515 1095 versus
537 1058 630 1108 est,
653 1047 765 1095 licet
785 1047 946 1096 lucida
962 1046 1165 1094 haberet
1186 1048 1355 1113 saepius
1378 1047 1641 1096 intervalla.

214 1125 360 1190 Cujus
401 1125 651 1172 infortunii
685 1126 962 1185 occasione,
993 1125 1118 1172 inter
1154 1125 1286 1189 regni
1324 1125 1565 1191 principes
1601 1137 1647 1174 et

214 1204 451 1270 praecipue
468 1205 593 1251 inter
614 1204 791 1252 ducem
814 1203 1228 1263 Aurelianensem,
1249 1202 1464 1267 ejusdem
1488 1205 1645 1252 Caroli

213 1281 336 1346 regis
349 1298 649 1346 germanum,
672 1289 717 1327 et
739 1283 1001 1341 Joannem,
1021 1280 1420 1345 Burgundionum
1444 1279 1642 1343 ducem,

213 1358 406 1406 invidiae
445 1375 534 1424 pro
577 1359 710 1422 regni
754 1358 1169 1406 administratione
1184 1396 1196 1420 ‚
1231 1357 1294 1406 ad
1336 1374 1483 1422 quam
1526 1358 1648 1423 regis

213 1437 426 1485 amentia
449 1454 560 1484 eum
583 1436 802 1484 inutilem
834 1446 879 1483 et
907 1437 1139 1502 impotem
1164 1436 1464 1495 reddiderat,
1491 1453 1646 1484 aemu-

213 1514 418 1563 lationes
439 1525 487 1562 et
510 1515 846 1562 contentiones
869 1514 1054 1562 obortae
1078 1525 1189 1562 sunt
1204 1552 1216 1574 ‚
1239 1514 1357 1561 dum
1380 1513 1577 1578 quilibet
1599 1533 1648 1563 se

214 1593 348 1640 alteri
371 1593 422 1640 in
446 1593 567 1654 hoe,
593 1592 871 1640 ambitionis
896 1603 944 1640 et
969 1592 1229 1640 utilitatum
1253 1608 1449 1639 suarum
1473 1593 1646 1656 gratia,

214 1671 561 1737 praeferendum
607 1688 707 1719 esse
746 1672 1058 1730 existimaret,
1099 1670 1309 1718 habente
1353 1688 1648 1736 unoquoque

214 1750 390 1798 multos
421 1754 732 1798 assectat09es
761 1759 809 1797 et
841 1750 1052 1815 partium
1078 1766 1272 1797 suarum
1308 1749 1566 1797 studiosos.
1594 1752 1646 1796 In

213 1837 403 1875 tantum
426 1828 555 1875 enim
578 1828 760 1876 malum
784 1827 904 1875 illud
922 1827 1149 1888 invaluit,
1173 1837 1220 1874 et
1239 1827 1363 1874 faces
1386 1826 1486 1874 odii
1504 1837 1647 1892 atque

213 1907 573 1955 inimicitiarum
603 1907 727 1954 adeo
760 1905 1004 1966 accendit,
1034 1915 1089 1953 ut
1118 1914 1399 1971 procuraret
1428 1905 1649 1970 praefatus

214 1987 444 2045 Joannes,
473 1985 874 2050 Burgundionum
908 1983 1005 2031 dux
1025 2022 1037 2042 ,
1064 1984 1136 2030 vir
1171 1984 1335 2048 utique
1371 1982 1567 2048 gloriosi
1603 1994 1650 2032 et

215 2063 387 2111 excelsi
410 2064 581 2123 animi,
604 2063 788 2111 dictum
814 2062 1224 2110 Aurelianensium
1252 2062 1428 2110 ducem
1451 2062 1501 2109 in
1527 2061 1648 2109 urbe

216 2142 508 2190 Parisiorum
527 2142 761 2200 interimi,
784 2158 896 2189 cum
914 2157 1070 2188 annus
1086 2141 1340 2189 dominicae
1360 2141 1518 2206 gratiae
1540 2158 1647 2188 cur-

216 2229 342 2267 reret
361 2236 646 2268 M.cccc.vu.

282 2298 433 2363 Hujus
449 2307 611 2345 autem
630 2297 1015 2362 interemptionis
1031 2306 1076 2344 et
1103 2296 1165 2343 ad
1182 2295 1232 2343 id
1253 2313 1403 2360 usque
1427 2296 1648 2343 immani-

219 2375 325 2423 tatis
347 2368 585 2440 progressi
618 2375 717 2422 odii
740 2374 883 2422 aliam
906 2375 1049 2422 etiam
1073 2390 1267 2421 causam
1294 2373 1433 2420 fuisse
1451 2410 1463 2432 ‚
1486 2390 1516 2420 a
1535 2374 1648 2420 viris

219 2453 418 2517 magniS,
437 2451 809 2518 hujusce[modi]
826 2469 989 2500 rerum
1001 2451 1317 2500 verisimiliter
1333 2468 1433 2498 non
1449 2451 1643 2515 ignaris,

220 2531 364 2579 talem
383 2532 671 2596 accepimus.

286 2611 408 2656 Cum
430 2609 559 2656 enim
586 2608 786 2657 haberet
807 2608 937 2656 idem
961 2606 1360 2672 Burgundionum
1381 2605 1480 2654 dux
1503 2623 1645 2671 gene-

220 2687 510 2734 rosissimam
545 2686 795 2734 dominam
827 2688 876 2734 in
907 2687 1188 2751 conjugem,
1225 2685 1372 2732 filiam
1398 2685 1538 2732 unius
1560 2684 1646 2732 du-

221 2781 333 2812 cum
357 2763 602 2823 Bavariae¹,
625 2763 798 2812 decore
831 2774 878 2811 et
907 2765 1149 2829 elegantiae
1182 2764 1337 2811 forma
1358 2762 1645 2827 speciosissi-

278 2876 296 2912 1
309 2905 317 2913 .
349 2874 582 2927 Marguerite
601 2873 649 2913 de
668 2874 846 2924 Baviere‚
861 2875 940 2914 fille
957 2874 1010 2913 du
1027 2874 1102 2913 duc
1117 2873 1265 2913 Albert.
