2086 3528
614 509 1236 580 HISTORIARUM

823 682 878 716 DE
900 681 1034 717 REBUS

277 822 357 925 A
429 816 942 923 GAROLO
1004 817 1562 923 SEPTIMO

578 1029 1042 1093 FRANCORUM
1092 1033 1286 1094 REGE

399 1202 467 1247 ET
498 1200 602 1247 SUO
632 1200 910 1255 TEMPORE,
936 1201 995 1248 IN
1026 1200 1230 1247 GALLIA
1255 1200 1467 1256 GESTIS,

685 1351 885 1405 LIBER
922 1350 1188 1404 PRIMUS.

617 1597 962 1669 CAPlTULUM
997 1620 1250 1666 l‘RlMUM.

274 1749 352 1801 [Ex
369 1760 440 1796 qua
456 1747 652 1783 calamitate
669 1746 706 1781 in
723 1745 993 1794 prosperitatem
1010 1758 1067 1780 res
1085 1745 1198 1794 regni,
1217 1746 1325 1794 hujus
1340 1745 1459 1781 Caroli
1477 1757 1583 1794 opera

810 1819 917 1842 versae
932 1806 1076 1842 fuerint.
1090 1804 1105 1855 ]

293 1936 494 1985 Carolus
516 1937 623 1995 Vll,
661 1933 852 1981 illustris
874 1935 1170 1980 Francorum
1192 1949 1271 1981 rex
1289 1970 1302 1994 ‚
1328 1950 1473 1998 quem
1496 1935 1585 2000 ipsi
1609 1947 1657 1985 et

228 2032 350 2081 saepe
370 2014 601 2074 vidimus,
628 2022 674 2060 et
697 2028 809 2059 cum
827 2027 926 2076 quo
949 2010 1111 2076 plures
1143 2010 1491 2060 collocutiones
1516 2013 1658 2061 fami-

227 2095 407 2142 liariter
427 2092 688 2140 habuimus
701 2129 713 2152 ,
741 2090 899 2138 Caroli
916 2093 978 2138 VI
1003 2089 1126 2137 filius
1145 2090 1248 2137 fuit.
1263 2091 1350 2138 Cui
1366 2108 1478 2139 curn
1495 2092 1659 2157 plures

230 2173 516 2222 exstitissent
535 2170 719 2236 [fratres
753 2169 960 2233 majores
985 2166 1141 2232 natu],
1167 2168 1281 2233 ipsis
1302 2177 1462 2216 tamen
1482 2171 1586 2217 sine
1604 2171 1660 2218 li-

229 2251 358 2300 beris
373 2259 483 2299 ante
505 2249 652 2315 patris
674 2248 863 2296 obitum
883 2246 1140 2306 defunctiS‚
1170 2246 1229 2294 ad
1250 2264 1362 2295 eum
1389 2250 1525 2312 regni
1549 2265 1658 2297 suc·

233 2330 382 2379 cessio
402 2328 632 2376 devoluta
644 2336 730 2375 est.
749 2329 802 2374 In
814 2326 950 2389 cujus
964 2325 1394 2380 administratione,
1410 2327 1533 2374 sicut
1546 2328 1661 2376 alias

233 2408 284 2455 in
306 2406 670 2472 quamplurimis
693 2421 856 2452 rerum
882 2403 1204 2450 humanarum
1230 2403 1556 2464 varietatibus,
1596 2406 1663 2452 vi-

235 2486 337 2532 res¹
363 2500 471 2531 suas
498 2482 658 2543 ludos,
695 2482 762 2529 sic
797 2480 1014 2546 profecto
1037 2479 1185 2544 hujus
1212 2482 1443 2546 temporis
1471 2481 1664 2529 fortuna

237 2561 463 2610 ostendit.
478 2560 744 2626 Aliquando
753 2560 884 2607 enim
894 2569 991 2606 tam
1001 2558 1211 2623 dejectus
1222 2560 1529 2608 inimicorum
1537 2599 1548 2620 ‚
1562 2571 1665 2608 tum

239 2657 296 2688 ex
319 2656 487 2703 regno,
509 2637 685 2686 tum'ex
709 2638 904 2686 vetustis
916 2647 963 2685 et
973 2638 1180 2702 antiquis
1194 2639 1327 2703 regni
1341 2638 1558 2686 hostibus
1570 2642 1665 2685 An-

240 2717 389 2783 glicis,
415 2715 596 2764 viribus
625 2726 669 2763 et
689 2715 924 2782 potentia,
947 2715 1202 2780 depressus
1218 2716 1322 2777 fuit,
1340 2726 1394 2763 ut
1408 2733 1558 2782 prope
1583 2717 1668 2764 ali·

297 2869 337 2905 1.
367 2867 479 2906 Corr.
502 2869 614 2903 vices.
