2086 3528
666 373 813 412 LIBER
840 373 1108 414 SECUNDUS.
1551 374 1602 411 59

195 461 339 510 rent¹.
369 457 512 517 Quod
533 456 830 505 verissimum
849 467 1014 523 postea
1032 467 1331 523 compertum
1354 457 1456 504 fuit.
1484 458 1602 504 Nam

192 536 322 600 ‘illico
340 545 394 583 ut
410 534 607 600 Anglici,
634 536 926 583 Normannia
949 536 1106 600 ejecti,
1132 535 1194 582 ad
1212 535 1407 601 propria
1430 535 1601 582 reverti

193 613 427 680 compulsi
443 623 570 672 sunt,
588 613 739 678 patria
753 612 878 662 illico
891 613 1128 678 pestilenti
1145 612 1398 660 hominum
1416 612 1602 660 incom-

194 689 343 747 modo
359 689 510 758 libera
527 689 713 737 reddita
733 700 818 737 est.
845 690 939 748 Qui
956 691 1086 737 enim
1104 706 1161 737 ex
1184 690 1265 738 illo
1285 688 1601 737 latrocinandi

196 768 355 819 officio
373 778 651 834 supererant
673 768 742 833 (et
768 768 904 816 multi
928 768 1123 833 quidem
1147 767 1318 832 erant),
1344 767 1418 815 vel
1441 767 1490 814 in
1514 783 1601 814 nu-

193 863 378 896 merum
409 846 584 894 militiae
613 856 755 911 atque
793 846 1025 911 stipendia
1067 846 1244 911 recepti
1270 855 1397 906 sunt,
1426 844 1501 892 vel
1540 845 1602 892 ad

195 923 364 977 domos
378 940 487 972 suas
502 933 805 986 revertentes,
825 941 1047 988 agrorum
1066 922 1259 970 culturae
1273 922 1598 983 intenderunt,

193 1008 292 1064 ajut,
326 1002 366 1050 si
395 1012 544 1050 artem
569 1001 849 1062 didicerant,
873 1018 930 1049 ex
954 1018 1010 1049 ea
1035 1017 1294 1067 procurare
1323 999 1411 1047 sibi
1442 1001 1602 1047 uxori-

194 1077 384 1144 busque
411 1095 467 1127 ac
489 1078 650 1126 liberis
673 1079 935 1126 necessaria
955 1078 1061 1125 vitae
1084 1086 1387 1125 curaverunt.

259 1156 499 1215 Quamdiu
515 1173 629 1204 vero
644 1157 821 1220 Anglici
837 1166 1011 1203 terram
1025 1163 1298 1215 tenuerunt,
1314 1163 1367 1200 ut
1379 1153 1600 1214 diximus,

194 1235 426 1282 continuo
444 1235 645 1301 patriam
668 1252 802 1300 paene
818 1234 995 1299 ubique
1017 1234 1292 1281 infestantes
1309 1243 1356 1280 et
1377 1233 1605 1298 luporum

194 1328 329 1360 more
363 1329 419 1360 ex
464 1312 670 1360 latibulis
704 1323 846 1378 atque
878 1313 1024 1359 antris
1065 1311 1289 1359 silvarum
1319 1311 1601 1371 exsilientes,

195 1407 318 1456 quos
341 1400 560 1456 poterant
581 1391 780 1452 vicinos,
806 1392 1008 1439 maxime
1031 1408 1086 1439 ac
1110 1390 1198 1438 sibi
1221 1390 1493 1438 familiarius
1514 1407 1605 1437 no-

198 1477 290 1528 tos,
310 1468 628 1534 captivabant,
646 1468 913 1534 spoliabant
923 1487 935 1529 3
954 1468 1127 1533 quibus
1141 1469 1283 1516 etiam
1300 1478 1398 1515 tam
1414 1466 1604 1514 efferata

197 1543 353 1592 rabies
387 1545 664 1604 incesserat,
691 1555 744 1592 ut
775 1562 864 1592 nec
887 1545 1214 1593 sacerdotibus
1243 1545 1329 1591 Dei
1359 1561 1447 1609 pro
1472 1560 1605 1590 reve-⁴

196 1623 347 1671 rentia
384 1622 623 1687 dignitatis
658 1622 934 1687 ordinisque
963 1622 1268 1670 sacerdotalis
1304 1621 1365 1669 ab
1398 1621 1465 1668 eis
1499 1638 1607 1686 par-

195 1710 398 1759 ceretur,
435 1717 524 1748 nec
555 1717 637 1748 eos
669 1700 895 1766 Apollinis
935 1700 1081 1748 infula
1111 1700 1276 1748 texerit
1290 1701 1321 1759 ²,
1348 1699 1608 1764 quominus

196 1777 235 1825 si
251 1789 463 1843 possent,
483 1789 536 1826 ut
557 1779 711 1826 caeteri
727 1779 1098 1844 captivarentur,
1116 1779 1190 1826 vel
1209 1778 1527 1843 spoliarentur
1547 1775 1607 1823 ab

195 1856 334 1922 ipsis3
362 1867 410 1905 et
443 1857 569 1917 licet,
597 1867 648 1904 ut
677 1857 778 1921 jam
812 1856 1035 1918 diximus,
1067 1857 1263 1921 Anglici,
1289 1872 1497 1921 quorum
1520 1872 1607 1921 po-

195 1935 373 1983 tissime
405 1936 511 1983 vitae
545 1935 805 1983 tendebant
826 1935 1037 1995 insidias,
1065 1952 1165 1997 eos,
1190 1951 1300 1982 cum
1322 1934 1604 2000 potuissent,

196 2013 298 2061 sine
320 2013 417 2061 ulla
447 2014 751 2061 miseratione
774 2013 1082 2073 trucidantes,
1109 2013 1484 2078 frequentissime
1506 2029 1610 2078 per-

197 2092 455 2156 quirerent,
472 2091 810 2158 perlustrantes
828 2092 969 2139 silvas
988 2108 1099 2139 cum
1122 2099 1415 2138 armatorum
1432 2090 1607 2138 cohor-

197 2168 338 2227 tibus,
363 2179 410 2217 et
439 2169 639 2217 canibus
674 2186 751 2216 eas
775 2169 1017 2233 cingentes
1042 2179 1088 2216 et
1110 2178 1435 2234 pervagantes,
1461 2167 1608 2233 pluri-

197 2263 396 2312 mosque
435 2247 812 2313 comprehensos
858 2248 930 2295 vel
973 2248 1131 2295 statim
1170 2247 1484 2312 perimerent,
1535 2245 1608 2294 vel

197 2324 331 2372 vivos
347 2325 407 2372 ad
420 2325 603 2388 judices
622 2326 793 2389 regios,
819 2325 1051 2392 supplicio
1072 2325 1348 2372 afficiendos
1362 2324 1611 2373 contrade-

197 2411 320 2449 rent.
354 2405 463 2450 Erat
488 2404 616 2450 enim
647 2403 840 2468 publico
873 2404 1031 2452 edicto
1064 2402 1391 2451 occidentibus
1413 2404 1509 2451 sive
1531 2403 1612 2451 ad-

201 2479 483 2527 ducentibus
508 2481 770 2545 Brigandos
804 2493 986 2529 certum
1008 2481 1230 2530 salarium
1256 2481 1317 2529 de
1342 2482 1457 2529 fisco
1481 2482 1611 2546 regio

257 2586 295 2622 1.
328 2585 432 2622 Cette
453 2584 637 2623 anecdote
667 2598 690 2624 a
715 2586 775 2624 ete
800 2585 1008 2626 intercalee
1028 2596 1108 2626 mot
1128 2600 1227 2639 pour
1244 2595 1324 2626 mot
1342 2586 1437 2625 dans
1457 2586 1511 2624 les
1529 2588 1614 2623 An-

205 2647 310 2682 nales
327 2645 516 2681 Flandriae
538 2643 585 2682 de
602 2647 748 2696 Meyer,
773 2645 800 2683 l.
828 2647 928 2686 XVI.

255 2705 294 2741 2.
327 2703 359 2740 Il
379 2701 523 2741 semble
545 2704 619 2754 que
637 2717 680 2742 ce
699 2705 771 2742 soit
792 2705 919 2744 l’etole
942 2719 1017 2757 que
1035 2706 1201 2745 l'auteur
1220 2715 1313 2745 veut
1340 2706 1517 2759 designer
1544 2719 1614 2757 par

205 2770 302 2801 cette
326 2762 550 2814 expression
571 2763 813 2805 recherchee.
838 2768 900 2804 Au
918 2766 1016 2804 livre
1039 2769 1090 2814 ΙΙ,
1113 2780 1147 2804 c.
1170 2781 1247 2804 xxv
1274 2767 1322 2805 de
1348 2766 1543 2804 l’Histoire
1566 2765 1614 2804 de

201 2822 319 2862 Louis
331 2824 402 2872 XI,
421 2821 447 2860 il
467 2835 507 2861 se
523 2831 599 2861 sert
611 2836 750 2862 encore
767 2824 995 2875 d'Apollim‘s
1007 2828 1133 2876 infula
1144 2840 1192 2865 en
1208 2826 1359 2878 parlant
1375 2825 1425 2863 du
1443 2825 1612 2864 cardinal

203 2883 336 2932 Balue‚
358 2882 451 2921 mais
472 2883 573 2922 alors
591 2883 714 2935 plutot
732 2898 881 2924 comme
900 2885 1119 2936 equivalent
1138 2886 1204 2925 des
1221 2886 1356 2925 fanons
1376 2884 1422 2924 de
1435 2885 1472 2923 la
1485 2885 1611 2924 mitre.
