2086 3528
774 381 921 417 LIBER
947 381 1147 420 PRIMUS.
1620 385 1669 420 37

252 465 350 528 regi
383 474 446 526 et,
486 473 596 530 post
643 464 743 528 ejus
778 462 989 525 obitum,
1023 466 1231 512 Henrico
1280 465 1382 529 ejus
1410 464 1528 527 filio,
1566 475 1672 513 tan-

251 559 398 607 quam
414 541 591 589 haeredi
614 550 659 588 et
675 540 888 605 legitimo
912 540 1286 589 administratori
1299 551 1347 589 et
1366 541 1675 606 gubernatori

187 634 189 636 ·
251 620 410 684 regni,
432 629 715 685 paruerunt.

315 697 408 746 Sed
442 697 548 762 quis
580 697 758 744 fructus
793 713 851 744 ex
888 696 1167 761 hujusmodi
1198 697 1420 762 provenit
1445 714 1590 763 pace,
1629 708 1676 746 et

250 792 355 841 quae
376 775 578 840 virgulta
605 785 652 822 et
682 774 837 839 fruges
863 792 920 822 ex
944 775 1280 839 hujuscemodi
1310 776 1493 823 semine
1523 793 1674 842 regno

251 853 432 902 obortae
452 854 568 916 sint,
599 854 649 900 in
674 854 1082 919 consequentibus
1105 853 1430 903 ostendemus.
1459 855 1676 904 Conaba·

250 943 326 980 tur
357 932 620 997 Anglorum
643 949 723 980 rex
747 933 839 981 sibi
860 933 1003 981 urbes
1024 943 1164 998 atque
1194 943 1366 994 terras,
1391 950 1421 981 a
1441 933 1675 999 delphino

249 1009 546 1058 exhaederato
582 1020 629 1059 et
659 1011 755 1058 suis
784 1027 1046 1077 possessas,
1093 1021 1325 1074 tanquam
1357 1009 1677 1060 obventuram

249 1087 338 1136 sibi
360 1087 567 1153 legitime
582 1088 924 1150 haereditatem,
944 1088 1007 1136 ad
1024 1105 1168 1153 quam
1184 1089 1261 1153 jus
1285 1088 1503 1149 haberet,
1522 1090 1676 1137 vindi-

249 1181 386 1226 care,
427 1166 524 1213 suis
557 1158 701 1231 atque
733 1166 1133 1230 Burgundionum
1170 1165 1352 1214 viribus
1389 1166 1552 1215 fretus.
1590 1167 1678 1215 Alii

249 1261 365 1292 vero
394 1244 626 1310 delphino
649 1255 870 1310 parentes
889 1254 1033 1310 atque
1056 1244 1336 1292 obedIentes
1354 1283 1365 1304 ,
1391 1245 1476 1310 qui
1499 1261 1676 1310 magno

249 1339 438 1388 semper
468 1339 672 1370 numero
703 1333 838 1370 erant
867 1333 915 1370 et
942 1322 1002 1370 de
1037 1321 1298 1386 majoribus
1322 1322 1473 1385 regni,
1509 1333 1679 1371 contra

249 1401 470 1461 nitentes,
497 1417 597 1447 non
616 1400 763 1448 modo
787 1417 892 1465 quae
908 1399 1218 1466 possidebant
1240 1400 1402 1460 tutari,
1423 1400 1506 1447 sed
1535 1400 1678 1448 etiam

251 1478 426 1543 Anglos
446 1477 623 1543 pellere
646 1477 705 1525 de
730 1494 878 1542 regno
901 1487 948 1525 et
967 1478 1014 1524 in
1038 1477 1403 1541 Burgundiones
1425 1477 1608 1538 ulcisci,
1633 1489 1680 1526 et

250 1556 311 1605 ab
333 1556 613 1604 adversariis
638 1566 873 1622 occupata
894 1571 1195 1620 recuperare,
1219 1555 1332 1603 totis
1351 1554 1535 1602 viribus
1558 1556 1676 1603 insi—

250 1634 456 1682 stebant.

719 1799 1062 1846 CAPITULUM
1097 1800 1198 1844 XV.

248 1934 408 1980 Qualiter
419 1935 440 1968 J
443 1946 590 1977 oannes,
602 1932 900 1981 Burgundionum
915 1931 1002 1977 dux,
1019 1932 1056 1966 in
1065 1939 1180 1966 castro
1191 1930 1416 1966 Monsterolii
1434 1930 1499 1965 fuit
1510 1930 1681 1965 interem-

287 2002 369 2042 ptus
386 1994 414 2038 ¹,
431 2002 465 2028 et
480 1992 664 2040 quomodo
681 1991 981 2043 Philippus'fllius
999 1993 1075 2039 ejus
1091 2004 1214 2026 necem
1231 1991 1341 2039 ipsius
1356 1991 1478 2026 ulcisci
1492 1989 1639 2026 studuit.

316 2124 438 2169 Cum
467 2137 582 2168 vero
604 2130 727 2168 esset
750 2118 948 2167 Carolus
979 2118 1235 2185 delphinus
1269 2118 1319 2164 in
1351 2126 1507 2165 castro
1541 2120 1681 2164 Mon-

252 2201 429 2249 sterolii
458 2217 603 2266 supra
624 2200 804 2247 flumen
832 2202 976 2258 Ionae,
1006 2215 1119 2245 cum
1147 2196 1309 2244 multis
1331 2196 1541 2262 partium
1572 2212 1679 2243 sua-

253 2297 361 2328 rum
390 2279 642 2341 militibus,
675 2289 721 2326 et
750 2295 850 2325 non
881 2277 1050 2342 procul
1079 2277 1222 2324 etiam
1247 2275 1308 2322 ab
1342 2291 1400 2322 eo
1421 2274 1530 2321 loco
1562 2283 1682 2321 esset

253 2362 462 2406 Joannes
474 2360 504 2419 ²,
523 2355 920 2421 Burgundionum
935 2355 1050 2415 dux,
1066 2371 1177 2402 cum
1196 2369 1369 2417 magna
1384 2362 1679 2399 armatorum

255 2452 403 2484 manu
418 2473 429 2495 ,
457 2436 489 2482 ii
509 2436 593 2500 qui
616 2435 677 2482 de
701 2444 835 2500 parte
859 2433 1075 2499 delphini
1097 2443 1142 2480 et
1166 2449 1277 2479 cum
1305 2447 1363 2478 eo
1386 2440 1502 2478 tunc
1526 2440 1679 2490 erant,

312 2589 331 2624 1
342 2617 351 2626 .
383 2588 483 2625 C’est
498 2599 568 2638 par
578 2586 873 2626 anachronisme
885 2598 961 2637 que
977 2585 1014 2624 le
1031 2593 1201 2623 meurtre
1217 2584 1269 2623 du
1291 2583 1366 2623 duc
1384 2585 1432 2624 de
1452 2587 1685 2635 Bourgogne

258 2655 315 2686 est
332 2646 441 2698 place
457 2647 569 2698 apres
589 2646 624 2685 le
647 2646 756 2685 traite'*
776 2646 824 2685 de
843 2649 1002 2697 TroyeS,
1024 2645 1188 2697 puisque
1210 2644 1248 2683 le
1262 2645 1373 2682 traite
1393 2653 1450 2683 est
1470 2642 1687 2695 posterieur

259 2707 308 2745 de
338 2715 422 2758 sept
444 2707 542 2745 mois
561 2711 582 2745 a
604 2706 847 2746 l’assassinat.
873 2709 1053 2745 L’erreur
1086 2705 1135 2744 de
1153 2705 1321 2744 Thomas
1342 2705 1455 2744 Rasin
1476 2704 1583 2742 vient
1599 2715 1689 2740 sans

260 2768 377 2806 doute
398 2767 446 2805 de
459 2780 502 2805 ce
521 2780 596 2818 que
609 2767 645 2805 le
657 2767 731 2805 duc
750 2767 798 2806 de
817 2770 1103 2818 Bourgognese
1116 2764 1275 2802 tenaita
1293 2767 1438 2815 Troyes
1454 2763 1610 2812 lorsque
1631 2761 1687 2798 fut

260 2827 445 2881 negociee
460 2827 674 2866 l’entrevue
687 2827 734 2866 de
747 2830 986 2865 Montereau.
1001 2825 1059 2864 Cf.
1075 2827 1111 2862 M
1115 2824 1314 2871 onstrelet,
1330 2824 1399 2862 liv.
1414 2826 1446 2872 Ι,
1464 2823 1525 2863 ch.
1550 2834 1663 2859 ccxx.

319 2892 357 2927 2.
390 2888 420 2927 ll
443 2891 621 2939 s’avanea
641 2888 803 2927 d’abord
818 2888 972 2939 jusqu'a
986 2884 1323 2936 Bray-sur-Seine.
