2086 3528
47 86 58 113 3».
78 83 82 110 J

44 200 45 204 ,
66 196 69 205 κ

51 231 55 238 -,
68 224 81 238 ἠ

42 327 46 336 s

43 375 53 387 ἱ
75 355 91 363 ι,

52 454 59 463 ,Ἰ
74 450 79 459 ι
92 455 93 458 ,

40 495 47 516 'a
57 494 60 499 “
71 487 91 518 ᾗ,

53 557 85 578 1,ᾶὶ

71 718 76 727 ι

51 1103 67 1138 ,ἦ

50 1147 83 1182 ,2²

62 1183 81 1211 ’,ιθ

60 1215 74 1241 Ιἒι

57 1288 73 1340 ἱ

60 1361 77 1380 L:

56 1382 68 1410 't

55 1418 70 1468 ἑ

51 1470 77 1521 15⁴,

732 393 743 402 ·
782 337 929 374 LIBER
955 338 1186 386 QUINTUS.
1617 338 1691 375 281

281 428 378 468 tam
412 420 536 468 inter
565 418 845 485 semetipsos
877 436 1023 485 quam
1055 421 1106 468 in
1129 420 1313 468 vicinos
1335 430 1383 468 et
1410 422 1698 487 compatrio-

280 507 374 560 tas,
402 498 549 546 multa
570 516 693 564 saepe
713 499 879 563 iniqua
901 508 948 546 et
966 499 1174 547 nefanda
1193 509 1539 566 perpetrarant.
1561 500 1698 547 Unde

280 593 381 624 non
413 577 515 624 sine
549 577 734 624 ratione
765 586 922 642 potest
952 578 1199 637 aestimari,
1226 579 1275 625 in
1308 578 1403 626 hoc
1432 579 1498 626 eis
1538 579 1699 644 potius

281 654 457 702 utiliter
481 655 796 716 consuluisse,
824 671 970 720 quam
993 672 1135 702 suum
1158 655 1219 703 ab
1244 656 1310 703 eis
1332 656 1514 721 aliquid
1536 657 1697 704 abstu-

278 731 412 790 lisse,
439 732 478 779 si
497 732 609 779 talia
631 748 688 780 ea
705 733 971 797 privilegia,
999 749 1106 797 quae
1125 732 1192 780 eis
1215 734 1357 780 noxia
1371 744 1515 798 atque
1531 734 1699 782 vicinis

280 818 328 856 et
367 809 718 857 contribulibus
757 802 877 869 suis,
915 811 1077 876 potius
1110 827 1254 875 quam
1284 811 1485 875 publicae
1514 806 1699 859 utilitati

281 875 533 949 profutura
552 887 848 949 viderentur,
877 888 1289 953 quemadmodum
1304 889 1364 936 de
1384 890 1627 937 nonnullis
1643 907 1700 937 ex

280 961 615 1028 hujuscemodi
639 982 668 1013 a
688 966 1010 1031 prudentibus
1032 967 1145 1013 viris
1168 982 1269 1014 esse
1292 966 1548 1015 ferebatur.

346 1042 507 1090 Talem
549 1043 907 1106 castigationem
950 1043 1175 1108 superbia
1213 1044 1432 1091 Gandavi
1471 1044 1701 1092 divinitus

281 1119 728 1184 correctionemque
769 1119 980 1184 accepit,
1028 1137 1163 1184 quae,
1207 1137 1264 1167 ex
1301 1119 1446 1168 rebus
1483 1121 1702 1168 secundis

281 1197 331 1244 in
367 1206 553 1245 tantum
582 1208 775 1262 tamque
800 1198 1087 1245 insolentem
1117 1207 1258 1263 atque
1291 1200 1598 1246 temerarium
1618 1200 1703 1247 hu—

284 1291 470 1323 morem
493 1277 775 1339 arrogantiae
792 1313 802 1333 ‚
832 1286 883 1323 ut
907 1276 1135 1334 diximus,
1161 1287 1435 1324 excreverat
1451 1313 1463 1337 ,
1483 1287 1536 1323 ut
1558 1278 1704 1324 nemi-

283 1368 396 1400 nem
439 1369 583 1418 paene,
604 1353 879 1400 mortalium
911 1370 1001 1401 nec
1032 1363 1130 1401 tam
1161 1363 1406 1417 potentem
1437 1354 1704 1419 principem

282 1447 421 1478 suum
442 1432 596 1479 vereri
618 1448 699 1478 seu
727 1432 934 1479 revereri
957 1431 1214 1478 videretur.
1242 1431 1310 1478 Ad
1335 1431 1703 1495 dependendam

286 1525 399 1556 vero
438 1508 746 1573 hujiismodi,
784 1526 882 1574 qua
920 1508 1134 1556 mulctati
1172 1509 1379 1568 fuerant,
1419 1510 1700 1574 pecuniam,

259 1619 265 1625 -
284 1585 419 1634 facile
441 1602 465 1633 a
494 1586 623 1634 dicto
645 1604 734 1634 suo
759 1587 976 1652 principe
1000 1587 1251 1652 impetrata
1268 1604 1411 1652 super
1433 1588 1703 1635 communi-

282 1673 379 1710 tate
410 1679 495 1710 sua
510 1666 538 1723 ¹,
565 1664 793 1712 omnibus
827 1681 987 1712 emere
1020 1664 1292 1712 volentibus
1325 1681 1496 1712 census
1518 1680 1706 1711 annuos

283 1739 633 1798 heraeditarios,
663 1742 739 1789 vel
773 1741 835 1788 ad
873 1732 1015 1789 unius
1046 1741 1319 1807 pluriumve
1342 1743 1506 1801 vitam,
1531 1742 1707 1789 vendi-

285 1815 476 1865 derunt.
507 1819 646 1866 Unde
668 1820 718 1866 in
753 1820 939 1866 minore
977 1820 1132 1884 spatio
1157 1836 1303 1884 quam
1336 1820 1476 1867 unius
1496 1820 1673 1867 mensis
1690 1857 1703 1881 ‚

285 1910 522 1943 summam
558 1897 835 1962 impositam
866 1896 1184 1961 collegerunt,
1211 1898 1540 1962 majoremque
1571 1896 1708 1944 facile

285 1972 602 2035 invenissent,
637 1977 676 2023 si
713 1976 969 2041 ampliores
1001 1975 1160 2024 adhuc
1191 1993 1361 2023 census
1393 1976 1601 2023 vendere
1621 1992 1708 2022 vo-

285 2051 510 2114 luissent;
548 2071 634 2119 pro
665 2053 838 2118 quibus
870 2054 1008 2101 annis
1045 2053 1241 2118 singulis
1270 2054 1570 2119 emptoribus
1601 2069 1709 2118 per·-

286 2129 548 2191 solvendis,
572 2132 778 2197 gabellas
794 2168 807 2190 ‚
839 2131 1000 2179 dacias
1017 2142 1158 2197 atque
1174 2133 1421 2196 vectigalia
1441 2149 1540 2179 non
1564 2147 1710 2196 parva

288 2207 620 2274 imposuerunt
645 2211 694 2257 in
718 2211 1015 2276 suossoppido
1041 2229 1050 2257 :
1080 2211 1129 2257 in
1155 2228 1253 2275 quo
1277 2212 1446 2272 etiam,
1474 2219 1584 2276 post
1605 2209 1708 2256 dic-

287 2295 385 2332 tam
427 2297 629 2352 stragem
654 2327 665 2347 ‚
706 2288 985 2336 ferebantur
1019 2289 1223 2336 inventae
1266 2289 1491 2335 mulieres
1530 2288 1710 2334 maritis

289 2364 492 2412 viduatae
517 2367 798 2431 peremptis,
826 2365 887 2413 ad
911 2366 1080 2413 decem
1103 2377 1147 2413 et
1173 2376 1284 2414 octo
1307 2366 1470 2414 millia.

354 2442 447 2488 Sed
484 2452 531 2490 et
561 2443 672 2490 huic
703 2443 829 2490 cladi
859 2443 951 2490 alia
980 2444 1125 2491 etiam
1156 2461 1255 2491 non
1285 2461 1433 2509 parva
1469 2444 1711 2490 calamitas

290 2520 486 2567 accessit
506 2537 563 2566 ex
585 2529 716 2584 peste
736 2521 1020 2585 inguinaria,
1039 2538 1184 2586 quam
1203 2523 1494 2587 epidemiam
1509 2530 1707 2578 vocant3

291 2614 346 2644 ex
367 2613 461 2661 qua
483 2597 633 2644 multa
650 2615 837 2658 eorum,
861 2600 942 2663 qui
961 2599 1120 2662 gladio
1140 2601 1343 2664 exempti
1363 2606 1707 2657 remanserant,

291 2675 439 2722 millia
473 2674 748 2740 absumpta,
778 2686 824 2723 et
853 2693 1025 2740 magna
1058 2677 1227 2742 oppidi
1262 2677 1459 2724 vastatio
1491 2686 1538 2723 et
1560 2676 1710 2740 depo-

347 2837 362 2872 4
377 2866 385 2875 .
416 2834 595 2888 Corrigez
613 2866 622 2887 ,
645 2840 848 2886 impetrata
865 2850 979 2887 super
991 2838 1058 2873 lm(-
1074 2840 1309 2874 immunitate
1329 2849 1412 2874 sua.
