2086 3528
724 404 872 441 mmm
897 404 1127 451 QmNTUs.
1558 407 1632 444 309

221 486 312 535 diri
329 487 580 546 valentem,
595 487 873 534 irruerunt¹.
895 489 1026 545 Quos
1044 504 1130 552 per
1143 488 1378 535 montium
1396 486 1636 536 anfractus

221 574 268 611 et
284 565 591 630 scopulorum
612 563 868 629 abditaque
884 574 931 611 et
948 565 1137 612 Francis
1150 565 1312 629 ignota
1328 565 1632 626 diverticula,

220 641 311 690 sibi
334 658 447 690 vero
472 659 571 690 non
594 643 836 707 incognita
866 659 1023 708 neque
1046 643 1250 704 insueta,
1278 643 1555 691 invadentes
1581 660 1636 691 ac

219 730 557 787 persequentes
573 758 584 780 ‚
611 711 785 786 partim
808 737 950 768 caesos
964 756 977 781 ,
999 721 1173 786 partim
1201 721 1330 767 fusos
1355 721 1636 786 fugatosque

218 798 354 847 facile
397 809 444 848 et
488 799 668 863 absque
708 813 884 863 magno
933 798 1125 862 negotio
1169 809 1470 859 superarunt.
1515 801 1636 846 Cum

218 887 380 926 autem
403 877 635 942 fugientes
657 877 718 925 ad
739 877 886 937 littus,
912 876 997 924 ubi
1018 875 1244 924 videbant
1264 877 1435 941 galleas
1458 894 1636 943 repau-

218 971 340 1016 sare,
363 956 534 1004 salvari
556 972 606 1003 se
627 970 766 1020 posse
790 954 1127 1015 existimarent,
1148 963 1195 1001 et
1217 954 1389 1017 galleas
1406 971 1637 1003 conscen-

218 1030 361 1095 dere,
388 1033 592 1082 vitandae
615 1033 745 1080 necis
771 1048 938 1093 causa,
970 1041 1251 1096 satagerent,
1278 1031 1338 1080 ab
1367 1031 1442 1079 his
1470 1033 1555 1096 qui
1584 1033 1636 1080 in

219 1110 377 1176 galleis
401 1121 536 1158 erant
557 1110 957 1176 prohibebantur,
978 1109 1252 1157 verentibus
1273 1126 1335 1157 ne
1353 1110 1502 1158 nimia
1519 1110 1639 1160 mul-

218 1187 373 1235 titudo
399 1188 466 1235 eis
488 1188 785 1252 naufragium
804 1187 878 1234 vel
903 1186 1186 1252 perditionis
1210 1203 1352 1235 causa
1375 1187 1635 1235 exsisteret.

220 1266 358 1313 Unde
380 1275 426 1313 et
448 1265 709 1327 nonnullis,
738 1282 903 1330 repere
925 1266 1050 1312 intra
1071 1264 1242 1329 galleas
1263 1265 1387 1330 ipsas
1415 1264 1640 1311 enitenti-

217 1343 325 1404 bus,
345 1361 514 1392 manus
531 1354 578 1392 et
594 1344 789 1391 brachia
805 1344 945 1390 fuisse
962 1342 1168 1391 abscissa
1185 1342 1472 1390 ferebantur.
1493 1342 1640 1401 Quod

216 1422 388 1487 procul
417 1421 567 1470 dubio
602 1420 868 1469 miserabile
902 1429 1003 1468 erat
1033 1420 1234 1482 intueri,
1260 1436 1372 1467 cum
1404 1436 1639 1485 pauperes

217 1500 418 1564 fugitivi,
437 1500 769 1548 imminentem
787 1516 816 1547 a
834 1509 966 1564 tergo
984 1498 1175 1546 hostem
1193 1498 1342 1546 vitare
1365 1498 1635 1561 gestientes,

218 1578 402 1640 sociOS,
429 1578 492 1626 ad
515 1594 637 1643 quos
662 1577 997 1640 confugerant,
1024 1576 1242 1623 saeviores
1262 1575 1484 1623 hostibus
1512 1591 1642 1623 com·

217 1655 446 1704 munibus
468 1657 681 1721 utrisque
704 1656 1047 1721 experirentur.

285 1737 436 1782 Porro
467 1734 550 1782 tali
571 1734 705 1782 clade
734 1744 780 1781 et
803 1733 1062 1781 miserabili
1084 1733 1376 1781 contritione
1406 1732 1642 1779 terrestris

218 1813 448 1860 exercitus
482 1821 760 1878 prospecta,
799 1811 900 1876 ipse
934 1827 1016 1858 rex
1050 1813 1279 1871 Renatus‚
1318 1809 1515 1856 minime
1552 1826 1640 1856 suo

218 1891 366 1938 milite
390 1891 440 1937 in
465 1901 641 1938 terram
665 1889 907 1955 exposito,
941 1888 1045 1936 vela
1073 1888 1247 1935 faciens
1265 1924 1277 1947 ,
1308 1887 1438 1934 unde
1461 1887 1641 1934 adven-

218 1978 338 2016 tarat
373 1969 514 2016 rediit
542 1968 788 2032 inglorius.
825 1969 929 2013 Vox
958 1967 1136 2031 quippe
1170 1966 1438 2013 communis
1469 1965 1641 2029 vulga-

217 2055 358 2110 taque
381 2045 442 2093 de
465 2045 570 2111 ipso
599 2045 730 2111 apud
753 2061 921 2092 omnes
951 2044 1076 2091 fama
1106 2043 1193 2091 fuit
1208 2043 1383 2108 ,quod
1401 2080 1414 2104 ‚
1441 2043 1527 2090 etsi
1550 2042 1641 2090 bo-

218 2141 308 2172 nus
331 2134 378 2171 et
408 2124 458 2170 in
479 2124 748 2171 interventu
772 2133 992 2170 strenuus
1017 2121 1152 2168 miles
1176 2121 1442 2182 exsisteret,
1472 2121 1523 2167 in
1546 2119 1644 2167 bel-

218 2203 320 2251 licis
342 2213 502 2251 tamen
526 2202 934 2268 expeditionibus,
969 2216 1176 2265 quarum
1205 2199 1432 2247 ducatum
1465 2199 1637 2263 gessit,

219 2281 478 2328 infaustum
500 2297 687 2345 semper
711 2279 1044 2343 infelicemque
1068 2278 1246 2325 exitum
1271 2277 1466 2324 sortitus
1499 2286 1637 2323 esset.

220 2362 342 2406 Nam
372 2369 420 2406 et
450 2368 620 2423 praeter
647 2357 834 2404 cladem
851 2393 865 2415 ,
893 2373 1040 2421 quam
1074 2356 1328 2402 incurrisse
1362 2371 1474 2402 eum
1498 2370 1644 2419 supra

219 2436 560 2495 meminimus,
600 2451 710 2482 cum
744 2435 794 2481 in
833 2433 1167 2497 Lotharingia,
1208 2443 1389 2480 contra-
1421 2435 1642 2494 Burgun-

221 2515 391 2563 diones
432 2513 640 2560 infausto
690 2521 840 2559 marte
873 2511 1106 2559 dimicans
1128 2546 1142 2569 ,
1179 2511 1333 2558 victus
1380 2519 1643 2574 captusque

223 2592 406 2652 fuerat,
433 2590 576 2638 etiam
604 2588 915 2654 postmodum
943 2587 1004 2635 de
1033 2604 1182 2652 regno
1218 2586 1529 2651 Neapolitano
1560 2601 1644 2630 seu

224 2672 391 2719 Siciliae
407 2705 419 2729 ,
450 2668 581 2734 quod
603 2668 719 2715 citra
739 2667 946 2715 Pharum
970 2667 1207 2730 integrum
1229 2662 1530 2731 possidebat,
1558 2679 1645 2726 per

226 2749 541 2815 Alphonsum,
558 2763 718 2810 regem
741 2748 1031 2810 Aragonum,
1056 2762 1174 2807 ‘cum
1197 2744 1308 2792 satis
1330 2759 1475 2808 parva
1499 2756 1646 2788 manu

282 2898 321 2937 1.
350 2897 404 2934 Le
424 2896 473 2933 17
489 2892 616 2943 juillet
637 2893 756 2931 1101.
