2086 3528
679 360 829 398 LIBER
855 359 1101 408 QUARTUS.
1515 358 1594 396 235

174 445 468 512 potuissent,
495 460 608 491 cum
631 443 826 509 optimis
849 443 1085 491 machinis
1100 452 1148 490 et
1161 441 1404 490 bellorum
1421 441 1596 488 instru-

176 528 348 576 mentis
370 527 610 594 (quorum
634 526 817 574 eisdem
838 527 1007 592 ingens
1030 527 1141 575 satis
1165 526 1306 592 copia
1328 524 1483 587 erat);
1513 524 1597 590 qui

175 623 406 654 numerus
430 622 530 653 non
561 605 739 665 minor,
767 605 852 653 sed
880 622 1032 671 prope
1054 605 1247 670 aequalis
1275 614 1377 652 erat
1396 603 1460 652 illi
1485 621 1598 652 cum

177 700 275 750 quo
298 683 415 731 olim
438 700 642 747 regnum
663 686 960 731 Francorum
985 683 1188 748 aggressi
1207 720 1218 742 ‚
1243 683 1404 748 ipsum
1427 698 1600 746 magna

178 757 238 811 ex
266 772 402 829 parte
435 761 812 827 conquisierant.
854 761 994 809 Unde
1024 772 1071 810 et
1105 771 1294 809 constat
1336 761 1470 825 quod
1504 761 1601 809 dux

179 840 516 899 Summerseti,
544 839 645 904 qui,
681 839 732 886 in
758 848 914 887 castro
939 839 1141 887 Cadomi
1171 839 1464 900 consistens,
1491 856 1603 886 cum

180 918 367 984 magnis
393 918 546 984 copiis
569 917 833 966 adventum
854 934 1023 965 eorum
1047 916 1369 983 operiebatur,
1396 918 1481 982 qui
1508 934 1603 965 no·—

179 996 301 1044 viter
323 1012 380 1044 ex
420 995 586 1061 Anglia
610 995 956 1052 adventarant,
982 996 1082 1060 jam
1108 995 1282 1043 fecerat
1313 994 1607 1043 bombardas

182 1085 230 1125 et
272 1076 503 1142 petrarias
546 1085 834 1140 caeterasque
869 1074 1116 1122 machinas
1150 1073 1264 1122 belli
1305 1075 1525 1121 curribus
1561 1083 1608 1122 et

183 1153 416 1203 vehiculis
437 1153 725 1220 superponi,
748 1162 824 1214 ut,
848 1152 1007 1200 statim
1025 1152 1202 1216 junctis
1226 1152 1275 1199 in
1295 1169 1447 1199 unum
1470 1152 1610 1199 utris-

184 1249 280 1298 que
310 1232 486 1298 copiis,
513 1231 775 1278 exercitum
808 1230 1081 1277 universum
1104 1231 1153 1277 in
1179 1246 1407 1296 campum
1435 1229 1608 1277 educe-

186 1320 276 1358 ret.
309 1311 427 1368 Quae
455 1326 551 1369 res,
584 1310 652 1370 si,
686 1309 757 1355 uti
790 1307 1039 1373 sperabat,
1075 1308 1409 1374 processisset,
1442 1308 1609 1373 procul

188 1387 340 1436 dubio
388 1403 619 1451 magnum
663 1386 854 1434 Francis
894 1384 1165 1451 periculum
1209 1395 1256 1433 et
1303 1386 1394 1433 toti
1431 1386 1615 1450 regioni

190 1466 422 1514 maximas
445 1465 736 1513 calamitates
760 1465 1036 1512 intulisset¹.
1071 1463 1166 1511 Sed
1188 1463 1410 1511 divinitas
1439 1480 1495 1511 ex
1516 1463 1615 1512 alto

191 1553 363 1593 cuncta
387 1543 683 1609 perspiciens
708 1558 764 1590 ac
788 1541 1046 1589 moderans
1061 1579 1074 1603 ,
1106 1541 1250 1589 rebus
1277 1541 1503 1589 humanis
1527 1541 1616 1588 illi-

192 1639 288 1690 que
308 1621 591 1670 miserandae
607 1621 796 1688 patriae,
825 1638 930 1686 quae
952 1620 1135 1669 tamdiu
1155 1638 1436 1686 guerrarum
1452 1638 1620 1670 aerum-

194 1702 270 1751 nis
294 1701 470 1750 afflicta
502 1700 680 1762 fuerat,
704 1709 753 1750 et
774 1699 864 1748 sub
886 1700 1079 1749 incertis
1108 1700 1350 1749 bellorum
1371 1700 1617 1768 procellis,

194 1797 282 1848 per
303 1796 459 1828 annos
482 1779 607 1828 ultra
629 1779 823 1844 triginta
843 1788 958 1840 tres,
985 1779 1219 1828 continuo
1243 1779 1398 1828 fuerat
1421 1780 1618 1844 agitata,

196 1858 366 1906 melius
410 1857 688 1905 consultum
710 1866 853 1922 atque
882 1856 1120 1904 salubrius
1151 1857 1210 1904 iri
1241 1857 1409 1906 voluit.
1444 1858 1624 1906 Praevi—

198 1937 370 1987 dentes
390 1937 521 1985 enim
538 1937 707 1985 Franci
728 1936 862 2002 quod
879 1936 1083 2003 imperio
1103 1954 1192 1985 suo
1215 1947 1263 1985 et
1279 1938 1415 1985 terris
1435 1939 1627 1986 noviter

200 2016 493 2083 recuperatis
514 2015 862 2082 impendebant
879 2016 1038 2076 exitia,
1058 2017 1096 2063 si
1119 2026 1347 2081 utrasque
1363 2015 1626 2081 Anglorum

200 2096 365 2162 copias
393 2104 733 2143 veteranorum
757 2111 1098 2158 novorumque
1122 2095 1367 2158 aggregari
1390 2095 1630 2160 permisis·

203 2183 335 2234 sent,
375 2173 437 2222 ad
478 2172 777 2221 obviandum
809 2173 951 2220 tantis
986 2172 1209 2238 periculis
1227 2209 1239 2233 ,
1278 2173 1541 2221 exercitum
1579 2174 1628 2220 in

203 2250 416 2300 confinio
434 2251 739 2300 Constantini
758 2261 804 2298 et
822 2251 1074 2298 Baiocismi
1095 2250 1436 2311 admoverunt,
1454 2268 1572 2317 quo,
1593 2252 1633 2299 si

205 2338 426 2396 possent,
451 2330 590 2378 novis
615 2328 819 2393 Anglicis
841 2329 1186 2377 intersecarent
1209 2330 1316 2391 iter,
1342 2346 1405 2378 ne
1435 2346 1485 2378 se
1508 2329 1634 2378 circa

264 2508 302 2547 1.
333 2503 480 2544 Robert
495 2503 658 2543 Blondel
675 2512 857 2556 rapporte
872 2517 916 2543 ce
935 2503 1025 2543 trait
1039 2503 1087 2543 de
1106 2503 1145 2543 la
1162 2505 1358 2543 confiance
1376 2504 1425 2543 de
1444 2506 1638 2544 Somerset

209 2565 385 2618 lorsqu'il
407 2564 535 2617 apprit
554 2564 590 2603 le
613 2563 917 2616 debarquement
941 2565 989 2603 de
1013 2564 1051 2603 la
1075 2565 1260 2604 nouvelle
1285 2565 1416 2604 armee
1434 2565 1605 2616 anglaise
1625 2580 1634 2603 z

216 2643 233 2662 «
250 2629 427 2676 Quorum
460 2624 626 2677 appulsu
656 2633 854 2677 comperto
871 2654 882 2673 ,
905 2624 985 2663 dux
1023 2624 1072 2662 de
1105 2624 1358 2672 Sombresset‚
1390 2633 1483 2662 tunc
1515 2623 1639 2662 Cado-

213 2700 318 2725 mum
339 2694 490 2734 tenens,
513 2683 655 2737 gaudio
675 2698 754 2723 non
777 2684 964 2723 mediocri
986 2684 1181 2722 exsultans
1194 2716 1203 2732 ‚
1224 2684 1347 2722 fertur
1364 2683 1507 2721 dixisse
1521 2713 1532 2731 ,
1557 2691 1601 2721 ut
1616 2696 1641 2722 a

214 2745 290 2785 fide
308 2745 426 2799 digno
446 2744 610 2798 relat-um
622 2744 741 2782 habui
758 2755 766 2784 2
789 2763 805 2779 u
822 2746 854 2782 O
872 2744 1041 2791 Karole,
1064 2744 1232 2782 Karole!
1256 2756 1328 2782 vos
1348 2756 1468 2781 venas
1489 2751 1640 2782 nostras

221 2823 237 2840 «ι
260 2805 340 2844 acri
359 2813 502 2845 venatu
527 2803 830 2852 constrinxisti53
856 2803 925 2842 sed
943 2816 1049 2841 nunc
1069 2812 1216 2843 vestras
1241 2802 1432 2843 acerbiori
1447 2803 1642 2843 constrin-

219 2884 235 2901 ι
261 2877 351 2917 gam
372 2884 408 2903 ν.
435 2868 598 2903 Asseru'o
616 2867 856 2903 Normannioe
870 2894 880 2912 ,
901 2864 929 2902 l.
950 2866 1016 2911 IV,
1040 2877 1075 2902 c.
1098 2878 1127 2902 1.
