2086 3528
238 3006 259 3031 Ο

781 398 927 435 LIBER
962 399 1189 447 QUINTUS.
1618 402 1694 439 325

278 492 362 524 sua
384 477 472 524 sub
493 463 675 525 ditione
697 477 904 537 tenebat,
929 480 1118 542 gravior
1133 471 1263 544 justo
1286 490 1428 546 atque
1450 483 1699 530 onerosior

278 554 379 601 suit.
407 557 525 601 Nam
551 571 661 601 cum
688 565 803 602 tunc
825 556 1168 604 rationabiliter
1201 557 1391 623 plebes,
1422 576 1527 624 quae
1555 569 1628 607 tot
1650 570 1698 608 et

278 640 431 678 tantas
457 647 513 678 ac
542 648 677 696 paene
709 633 1080 681 innumerabiles
1115 634 1274 682 clades
1309 652 1398 700 pro
1429 635 1524 683 fide
1555 637 1615 684 ad
1647 654 1697 684 se

277 709 509 756 servanda
543 709 883 776 [acceperant],
917 711 1050 759 finita
1080 711 1178 776 Jam
1215 730 1413 777 guerra,
1449 714 1697 762 sublevare

277 786 591 834 collationum
610 787 836 836 oneribus
858 798 905 835 et
937 789 1077 836 variis
1094 826 1105 848 ,
1136 788 1200 836 ob
1225 806 1505 852 guerrarum
1537 808 1699 838 neces-

234 875 239 880 '
276 866 433 913 sitates
458 867 850 932 superimpositis,
876 867 1182 931 vectigalibus
1211 877 1352 932 atque
1388 868 1576 916 tributis
1610 869 1696 917 de-

276 942 485 1004 buisset,
518 954 565 991 et
599 960 763 992 earum
794 945 1003 1009 compati
1038 945 1237 992 miseriis
1270 954 1316 991 et
1352 945 1698 994 calamitatibus

276 1020 502 1080 infinitis,
544 1039 663 1085 quas
695 1022 770 1069 sui
805 1022 1055 1069 occasione
1094 1021 1418 1087 pertulerant,
1456 1023 1506 1069 id
1539 1033 1697 1071 tamen

276 1098 475 1145 minime
499 1099 669 1156 effecit,
690 1099 773 1146 sed
792 1100 1095 1147 exactionum
1115 1116 1264 1147 onera
1281 1099 1355 1147 vel
1381 1101 1696 1161 continuavit,

276 1176 351 1222 vel
370 1177 513 1223 etiam
530 1175 736 1223 adauxit.
760 1179 812 1222 In
831 1193 929 1240 quo
947 1177 994 1222 in
1016 1179 1171 1222 Deum
1185 1186 1231 1223 et
1250 1175 1469 1224 homines
1484 1178 1699 1243 profecto

276 1252 626 1315 ingratitudinis
664 1253 821 1301 labem
861 1263 1004 1316 atque
1039 1253 1205 1300 vitium
1245 1254 1440 1301 minime
1478 1272 1701 1304 excusare

277 1330 535 1393 potuisset,
570 1346 843 1394 quanquam
877 1330 938 1377 ab
964 1330 1360 1389 assentatoribus,
1383 1332 1464 1396 qui
1494 1333 1620 1380 cirea
1650 1351 1700 1380 se

276 1423 451 1472 magno
481 1425 668 1473 semper
699 1426 903 1456 numero
932 1418 979 1455 et
1010 1408 1119 1455 loco
1153 1408 1345 1455 sublimi
1384 1409 1695 1470 exsistebant,

277 1486 440 1533 omnia
473 1503 577 1550 quae
608 1495 768 1549 ageret
798 1503 878 1533 seu
921 1486 1044 1548 juste
1074 1502 1155 1532 seu
1193 1486 1364 1549 injuste
1382 1523 1394 1546 ,
1421 1487 1699 1551 pertinacis-

277 1564 397 1611 sime
423 1573 781 1611 excusarentur.

345 1640 562 1688 Publicas
589 1642 733 1689 etiam
756 1641 1192 1689 administrationes
1227 1651 1369 1705 atque
1402 1641 1558 1690 officia
1578 1642 1704 1706 judi-

276 1728 449 1766 caturae
465 1720 638 1783 passim
658 1719 915 1783 unicuique
935 1718 1127 1783 petenti,
1147 1727 1194 1764 et
1211 1717 1390 1782 absque
1405 1718 1698 1780 difficultate,

276 1796 566 1843 venumdare
590 1796 825 1861 permisit,
852 1796 1012 1860 quod,
1033 1811 1177 1860 quam
1202 1795 1262 1841 sit
1285 1794 1488 1860 publicae
1511 1797 1700 1844 utilitati

276 1875 554 1934 adversum,
601 1884 878 1939 quantaque
915 1873 1027 1920 inde
1064 1872 1351 1919 detrimenta
1384 1875 1698 1938 proveniant,

277 1962 465 2017 quantae
499 1953 704 2017 proinde
747 1950 1169 2010 concussionibus,
1208 1950 1411 2014 rapinis,
1448 1961 1590 2015 atque
1625 1967 1703 1999 ca-

277 2029 471 2076 lumniis
494 2046 546 2076 ac
561 2030 752 2093 justitiae
774 2027 1071 2092 corruptioni
1101 2027 1378 2074 occasiones
1403 2038 1699 2092 praestentur,

279 2122 376 2152 non
402 2106 536 2153 facile
560 2106 653 2153 dici
680 2115 854 2170 posset.
874 2108 991 2162 Quae
1014 2103 1323 2151 incommoda
1347 2104 1607 2168 prudenter
1625 2106 1705 2152 ad-

276 2194 514 2231 vertentes
536 2187 864 2231 Romanorum
884 2184 1041 2245 legum
1065 2182 1185 2228 sacri
1208 2181 1510 2242 conditores,
1539 2183 1703 2247 provi-

280 2260 555 2307 dentissime
593 2261 716 2307 inter
748 2259 957 2325 capitula
985 2259 1272 2322 juramenti,
1315 2259 1448 2322 quod
1484 2269 1705 2324 praestare

280 2349 503 2386 tenentur
538 2341 621 2404 qui
653 2340 714 2386 ad
743 2338 956 2404 publicas
981 2337 1416 2384 administrationes
1439 2337 1707 2384 adsciscun-

278 2427 373 2476 tur,
403 2417 522 2464 illud
546 2417 873 2475 inseruerunt,
904 2414 1038 2480 quod
1064 2414 1210 2468 nihil,
1240 2424 1291 2461 ut
1320 2415 1705 2461 administratio-

283 2511 392 2541 nem
420 2503 852 2557 consequerentur,
888 2492 1076 2540 dedisse
1111 2491 1186 2538 vel
1210 2493 1482 2556 promisisse
1502 2529 1514 2552 ,
1546 2508 1632 2556 per
1657 2508 1706 2538 se

282 2572 355 2618 vel
378 2572 706 2636 interpositam
730 2587 984 2636 personam
1000 2608 1011 2628 ,
1038 2580 1336 2617 sacramento
1361 2569 1615 2616 affirment.

346 2652 397 2695 In
424 2649 702 2696 coercendis
734 2649 876 2695 etiam
908 2649 1086 2713 rapinis
1113 2658 1256 2711 atque
1290 2647 1475 2710 injuriis
1507 2663 1705 2693 suorum

281 2726 696 2790 stipendiariorum
713 2726 1027 2789 negligentior
1044 2725 1146 2770 fuit.
1164 2728 1280 2771 Nam
1299 2724 1380 2770 uhi
1399 2741 1486 2789 pro
1502 2724 1707 2770 statione

282 2804 424 2850 locati
450 2812 605 2862 erant,
635 2821 719 2868 per
741 2820 880 2866 agros
903 2812 949 2849 et
983 2800 1117 2848 villas
1147 2801 1362 2848 victitare
1381 2837 1393 2859 ‚
1420 2811 1563 2864 atque
1600 2817 1710 2865 pro-

285 2881 508 2927 vinciales
527 2898 616 2945 pro
636 2881 787 2940 libito,
811 2880 894 2926 ubi
921 2890 966 2926 et
984 2879 1170 2941 quoties
1194 2877 1438 2935 volebant,
1454 2878 1712 2942 hospitales
