2086 3528
704 386 851 426 mmm
877 387 1117 434 QUARTUS.
1419 391 1421 393 “
1553 390 1632 427 165

227 476 322 514 tem
344 467 668 533 propinquare
694 466 766 513 vel
789 466 925 516 ferire
942 507 954 530 ,
982 486 1082 517 non
1106 480 1258 518 castra
1287 479 1447 518 tenere
1477 470 1552 518 vel
1582 473 1631 520 in

225 543 449 608 praesidiis
476 542 766 610 oppidorum
790 562 873 592 seu
903 556 1168 594 castrorum
1200 547 1454 595 consistere
1476 564 1634 596 assue-

225 621 419 688 verant,
457 621 539 670 sed
562 637 698 686 agros
731 623 962 689 populare
980 662 992 685 ‚
1024 625 1206 691 praedas
1229 642 1398 689 agere,
1436 627 1637 676 rusticos

223 715 456 766 pauperes
482 710 631 765 ,atque
666 701 872 751 inermes
909 703 1111 769 spoliare
1145 721 1229 752 seu
1268 704 1473 768 affligere
1509 705 1638 770 (erat

224 776 402 842 quippe
419 776 584 825 talium
606 794 739 843 paene
761 779 1011 828 innumera
1048 780 1305 829 multitudo
1318 798 1422 846 ·pe1·
1443 798 1638 830 omnem

227 853 427 918 Galliam
464 854 799 919 hujuscemodi
839 857 1208 923 malignitatibus
1243 858 1455 924 imbuta)
1478 897 1490 919 ,
1512 860 1640 908 illam

229 930 582 980 multitudinem
615 934 716 999 ipse
739 952 820 982 rex
844 936 1058 1001 undique
1089 938 1346 984 convocari
1372 947 1418 984 et
1441 937 1640 986 adscisci

226 1010 504 1075 imperavit,
541 1021 595 1058 ut
622 1028 782 1059 secum
815 1014 864 1060 in
897 1014 1251 1079 Lotharingiam
1286 1025 1332 1062 et
1358 1016 1641 1062 Metensium

227 1085 345 1135 fines
365 1088 762 1153 proficisceretur.
790 1090 1029 1139 Lubenter
1050 1102 1209 1140 autem
1225 1091 1433 1156 jussibus
1456 1092 1640 1140 obtem-

224 1175 467 1229 perantes,
491 1168 689 1214 scientes
714 1184 851 1232 agros
873 1168 967 1216 illic
989 1186 1087 1217 esse
1106 1169 1366 1235 locupletes
1387 1179 1528 1234 atque
1546 1171 1642 1229 suis

224 1244 421 1291 assuetis
443 1244 687 1309 praedandi
708 1246 938 1293 exercitiis
958 1257 1274 1312 opportunos,
1306 1263 1474 1294 omnes
1497 1248 1643 1294 secuti

224 1329 335 1367 sunt
355 1338 531 1384 regem.
560 1324 616 1369 Et
636 1338 744 1387 pars
763 1322 959 1387 quidem
978 1341 1075 1370 una
1097 1341 1207 1371 cum
1235 1323 1496 1383 LudovicO,
1523 1324 1644 1388 regis

225 1399 341 1460 filio,
367 1400 581 1466 profecta
607 1412 678 1449 est
711 1418 870 1449 versus
903 1402 1228 1450 Basiliensium
1252 1411 1298 1449 et
1326 1402 1639 1449 Suitensium¹

226 1475 365 1539 fines;
391 1495 500 1544 pars
518 1496 644 1539 ,vero
672 1479 723 1537 in
746 1479 1073 1544 Lotharingia,
1100 1480 1183 1527 ubi
1207 1497 1289 1527 rex
1317 1479 1399 1526 diu
1422 1480 1572 1527 stetit²
1593 1480 1642 1526 in

223 1557 403 1622 oppido
438 1557 566 1605 dicto
589 1558 871 1618 Nanceium,
909 1558 1192 1623 permansit,
1231 1556 1480 1604 effundens
1508 1574 1557 1604 se
1595 1557 1643 1603 in

224 1634 505 1695 Metensium
545 1644 591 1681 et
627 1633 940 1697 Lotharingiae
974 1650 1112 1699 agros
1133 1671 1145 1695 ,
1188 1633 1460 1679 invasiones
1503 1632 1645 1679 etiam

225 1710 398 1759 faciens
421 1711 679 1778 aliquando
704 1728 857 1777 usque
879 1728 1012 1778 paene
1037 1710 1385 1759 Trevirensium
1406 1709 1542 1758 fines.

707 1868 1047 1915 CAPITULUM
1083 1868 1162 1912 111.

223 1974 381 2020 Qualiter
395 1987 456 2010 rex
476 1975 624 2011 Carolus
637 2002 647 2020 ,
665 1975 702 2010 in
721 1975 950 2023 Lotharingia
974 1975 1162 2020 exsistens,
1180 1973 1345 2008 ordinem
1361 1973 1397 2008 in
1415 1985 1477 2009 sua
1494 1974 1646 2020 equestri

304 2036 424 2071 militia
443 2036 643 2084 composuit
659 2046 692 2072 et
704 2037 798 2072 mille
813 2037 1020 2083 quingentas
1034 2037 1172 2071 lanceas
1188 2033 1386 2070 ordinarias
1399 2034 1556 2070 retinuit.

290 2137 409 2181 Cum
439 2135 599 2198 itaque
629 2134 696 2181 sic
719 2143 851 2181 extra
873 2150 1074 2198 regnum
1107 2135 1424 2191 Francorum,
1451 2148 1643 2178 exesum

226 2221 338 2259 tunc
372 2221 419 2258 et
453 2212 586 2259 omni
621 2212 850 2276 pauperie
891 2221 1032 2276 atque
1072 2210 1235 2275 inopia
1270 2209 1528 2274 repletum,
1567 2206 1645 2254 illa

225 2288 480 2337 multitudo
502 2290 551 2336 in
575 2305 712 2353 agros
748 2298 793 2336 et
830 2298 974 2336 terras
997 2288 1100 2335 illas
1122 2287 1294 2335 fertiles
1327 2285 1644 2348 Lotharingiae

226 2376 272 2413 et
295 2367 476 2413 Alzatiae
499 2366 668 2413 educta
692 2367 879 2423 suisset,
911 2383 994 2413 rex
1015 2364 1213 2412 Carolus
1237 2363 1489 2411 consilium
1513 2379 1644 2410 acce-

226 2443 296 2508 pit
318 2460 429 2490 cum
452 2444 547 2490 suis
570 2443 835 2508 potioribus
862 2443 1036 2490 militiae
1065 2441 1267 2489 ducibus
1284 2451 1329 2488 et
1352 2436 1643 2506 primoribus

228 2519 414 2568 consilii
437 2522 536 2580 sui,
564 2521 623 2567 de
656 2520 917 2585 redigendo
941 2531 988 2567 et
1019 2519 1323 2585 disponendo
1356 2535 1490 2566 suam
1523 2517 1646 2563 mili-

229 2597 343 2644 tiam
366 2596 427 2644 ad
451 2607 632 2644 certum
652 2607 698 2644 et
726 2598 1096 2646 determinatum
1119 2613 1405 2656 numerum3
1429 2611 1533 2658 quae
1556 2592 1644 2639 sub

227 2676 366 2722 certis
388 2674 616 2735 ducibus,
643 2676 724 2739 qui
748 2676 796 2722 in
827 2675 968 2723 rebus
1001 2675 1179 2723 bellicis
1209 2675 1354 2737 magis
1388 2672 1646 2719 industrios

283 2828 321 2867 1.
350 2829 421 2864 Les
445 2825 571 2863 Bfflois
596 2824 711 2874 (alors
729 2826 955 2878 Imperiaux
973 2804 1104 2872 libres)
1122 2833 1158 2863 et
1176 2824 1232 2863 les
1244 2823 1404 2862 Suisses.

283 2888 323 2926 2.
358 2885 527 2925 Pendant
546 2886 633 2938 cinq
651 2887 759 2926 mois.
