2086 3528
702 361 847 396 LIBER
875 360 1144 398 SECUNDUS.
1577 364 1598 399 9
1605 366 1625 399 7

212 443 420 502 vantiae¹,
446 441 569 490 sedis
591 441 861 507 apostolicae
884 441 1065 506 legatus
1082 443 1180 508 (cui
1206 453 1319 490 tunc
1339 443 1621 509 praesidebat

213 521 449 585 Eugenius
470 536 595 586 papa
616 520 727 584 IV),
754 529 800 567 et
831 519 1085 567 cardinalis
1103 522 1246 586 Cypri
1267 521 1409 586 vulgo
1439 538 1626 570 nuncu-

209 601 398 665 patus²,
427 615 455 646 a
476 608 777 646 sacrosancto
811 598 998 663 synodo
1028 599 1252 664 generali,
1282 609 1395 647 tunc
1429 600 1618 649 Basileae

210 685 510 740 congregato,
533 674 811 724 destinatus.
838 675 1051 741 Lugebat
1081 676 1211 723 enim
1238 673 1410 724 'merito
1433 678 1626 726 condo-
1695 711 1702 719 ,

211 751 454 817 lebatque,
482 763 536 800 ut
558 753 636 819 pia
663 763 828 814 mater,
861 763 1026 802 sancta
1049 756 1262 801 Romana
1294 763 1490 820 totaque
1514 757 1628 803 uni-

210 831 398 890 versalis
434 830 632 878 ecclesia
670 842 767 879 tam
803 831 979 879 nobilis
1022 849 1078 879 ac
1124 831 1333 897 potentis
1376 834 1624 897 quondam

211 919 257 959 et
285 909 657 957 christianissimi
692 910 848 974 regni,
882 919 1049 974 totque
1082 910 1375 975 populorum
1407 910 1627 960 christia-

209 1004 382 1035 norum
420 988 761 1035 contritionem
809 997 856 1035 et
893 986 1267 1048 desolationem,
1320 988 1452 1052 quod
1508 989 1623 1035 olim

210 1065 400 1131 clypeus
415 1074 462 1112 et
484 1065 731 1113 munimen
749 1064 984 1128 singulare
1001 1064 1292 1111 defensionis
1308 1066 1455 1112 totius
1473 1064 1626 1112 Chris-

210 1142 429 1190 tianitatis
466 1152 633 1189 contra
667 1142 887 1189 inimicos
932 1141 1196 1189 christianae
1236 1141 1478 1206 religionis
1517 1160 1619 1190 esse

208 1230 536 1268 consueverat.
566 1219 727 1279 Unde,
750 1220 882 1284 quod
904 1221 977 1267 sui
1001 1220 1212 1266 muneris
1240 1219 1454 1282 exigebat
1476 1221 1622 1282 ratio,

207 1299 498 1346 exsecutioni
518 1298 835 1357 demandans,
865 1298 1079 1363 praefatos
1099 1298 1521 1345 reverendissimos
1543 1315 1627 1363 pa-

208 1387 302 1424 tres
328 1375 390 1423 ad
415 1385 512 1422 tam
540 1385 757 1423 sanctum
781 1392 930 1440 opus,
964 1375 1091 1422 unde
1120 1375 1343 1430 solatium
1374 1386 1420 1423 et
1448 1376 1628 1423 fructus

206 1455 295 1501 toti
312 1454 652 1502 Christianitati
665 1455 973 1519 provenirent
986 1490 997 1512 ,
1019 1453 1365 1518 perficiendum
1377 1491 1389 1515 ,
1411 1455 1627 1502 sancien-

206 1532 324 1580 dum
357 1542 498 1597 atque
537 1532 866 1579 roborandum
905 1531 1229 1591 destinarunt3
1273 1533 1355 1596 qui
1389 1542 1436 1578 et
1469 1543 1626 1597 partes

205 1610 324 1658 inibi
339 1611 560 1658 collectas
586 1610 648 1657 ad
670 1610 800 1675 pacis
821 1609 1005 1656 bonum
1029 1609 1399 1656 adhortarentur
1435 1619 1505 1671 et,
1542 1610 1624 1657 ubi

204 1688 443 1751 ingrueret
475 1686 681 1735 faciendi
709 1686 984 1746 necessitas,
1011 1702 1101 1750 pro
1132 1686 1276 1733 totius
1307 1686 1437 1733 orbis
1471 1686 1623 1733 chris-

205 1766 321 1814 tiani
341 1783 397 1813 ac
420 1766 626 1813 ecclesiae
644 1765 733 1813 Dei
752 1764 925 1823 salute,
952 1764 1094 1811 etiam
1120 1764 1178 1811 ad
1204 1764 1255 1811 id
1277 1764 1625 1829 perficiendum

204 1861 291 1910 per
329 1844 470 1907 gladii
501 1842 753 1908 spiritualis
792 1858 1017 1889 censuras
1054 1842 1264 1888 districte
1294 1852 1621 1904 coarctarent,

204 1932 465 1988 caeteraque
491 1922 697 1984 facerent
725 1936 829 1985 quae
856 1929 954 1966 tam
983 1920 1257 1966 necessariae
1291 1929 1337 1967 et
1370 1920 1622 1968 fructuosae

205 2002 272 2049 rei
294 2001 567 2066 profectura
583 1999 826 2059 viderent,
849 2015 931 2045 seu
950 1998 1094 2044 etiam
1115 1997 1351 2045 obstantia
1376 1998 1620 2059 tollerent,

205 2097 310 2146 quae
341 2078 649 2127 conficiendae
685 2075 963 2140 hujusmodi
1000 2075 1106 2139 paci
1141 2074 1483 2139 impedimento
1525 2093 1625 2124 esse

155 2207 157 2209 ,
205 2159 491 2224 potuissent,
517 2154 929 2221 quemadmodum
963 2170 1035 2200 res
1061 2154 1161 2218 ipsa
1185 2170 1441 2218 exposcere
1471 2165 1517 2201 et
1543 2155 1625 2202 de-

205 2237 410 2285 siderare
431 2235 688 2282 videretur.

271 2315 415 2377 Igitur
447 2312 743 2376 congregatis
777 2306 842 2357 sic
879 2308 1120 2374 partibuS,
1144 2325 1229 2373 per
1260 2310 1493 2374 plurimos
1524 2310 1624 2357 dies

206 2395 327 2441 inter
345 2392 557 2456 singulas
571 2401 726 2456 partes
743 2390 892 2437 multa
908 2388 1021 2435 hinc
1038 2389 1150 2435 inde
1170 2390 1334 2454 petita,
1354 2393 1618 2455 proposita,

205 2473 354 2532 dicta,
374 2470 571 2533 allegata
595 2480 736 2534 atque
758 2484 987 2534 responsa
1007 2468 1258 2532 tranquille
1283 2468 1492 2516 fuerunt.
1525 2470 1619 2516 Sed

207 2548 599 2613 Burgundionum
617 2547 733 2608 dux,
757 2563 892 2607 cum,
917 2556 1114 2611 propter
1136 2557 1433 2594 sacramenta
1455 2548 1619 2595 arctis-

261 2701 300 2737 1.
330 2701 384 2737 Le
414 2696 584 2736 cardinal
602 2696 651 2735 de
669 2696 953 2744 Sainte-Croix,
976 2696 1128 2749 Nicolas
1152 2695 1348 2749 Albergati
1366 2726 1375 2744 ‚
1398 2696 1546 2748 eveque
1572 2697 1621 2735 de

207 2758 391 2856 Rogigriiee·
415 2816 584 2855 cardinal
612 2817 660 2855 de
687 2817 854 2868 Chypre,
887 2801 1046 2869 Hugues
1068 2816 1116 2855 de
1146 2815 1358 2867 Lusignan,
1394 2813 1543 2866 eveque
1571 2815 1619 2856 de

208 2878 401 2925 Pieneste,
422 2876 481 2915 fils
500 2875 551 2914 du
571 2875 629 2915 roi
647 2876 694 2915 de
713 2876 865 2928 Chypre
887 2880 1049 2927 Jacques
1066 2876 1114 2914 de
1132 2875 1339 2927 Lusignan.

314 2956 329 2981 1
1439 2943 1460 2979 7
