2086 3528
691 345 838 382 LIBER
863 344 1081 384 TERTIUS.
1526 350 1543 384 1
1555 349 1569 384 1
1581 350 1603 385 3

189 431 278 481 sub
299 430 561 496 Anglorum
580 428 761 477 ditione
783 444 969 495 semper
989 427 1310 490 incoluerant,
1330 428 1596 479 faciendam

190 520 237 559 et
255 507 617 558 exsaturandam
639 506 842 554 esuriem
866 514 1194 553 accurrerunt.

253 589 375 635 Cum
409 595 568 633 autem
605 584 756 650 patria
783 582 862 630 illa
892 583 1067 648 partim
1096 582 1158 630 ab
1192 582 1399 646 Anglicis
1432 586 1605 650 partim

189 662 250 712 ab
264 663 377 730 ipsis
391 661 580 710 Francis
594 669 861 719 vexaretur,
885 671 932 708 et
950 654 1014 709 ab
1031 661 1240 725 utrisque
1261 677 1486 725 agrorum
1504 662 1604 711 cul·

189 751 316 789 tores
347 740 420 788 vel
445 740 587 787 bonis
618 739 954 805 spoliarentur,
990 738 1066 786 vel
1103 739 1244 786 etiam
1269 740 1319 785 in
1353 740 1606 805 captivita-

190 829 287 867 tem
303 818 670 877 abducerentur,
695 814 974 882 populoque
990 815 1057 863 illi
1077 815 1280 881 simplici
1295 826 1342 864 et
1359 817 1607 867 innocenti

189 892 552 964 persuaderetur
572 913 599 943 a
620 895 811 943 Francis
834 903 1066 958 quatenus
1080 932 1092 956 ,
1123 894 1163 941 si
1185 893 1327 941 rebus
1353 896 1448 942 suis
1471 913 1609 945 suam

189 974 311 1021 tueri
326 973 595 1022 libertatem
608 983 653 1020 et
670 972 884 1037 sibiipsis
902 988 1047 1037 opem
1068 971 1188 1019 ferre
1203 971 1416 1033 vellent¹‚
1431 990 1610 1040 oppor-

189 1061 357 1100 tunum
381 1053 448 1101 eis
469 1052 638 1100 afforet
661 1062 850 1116 tempus
872 1067 969 1114 quo
998 1067 1099 1098 sese
1124 1059 1171 1097 et
1191 1050 1396 1115 patriam
1419 1050 1481 1098 ab
1511 1055 1608 1100 An-

189 1128 377 1193 gl'orum
411 1131 633 1177 servitute
665 1145 719 1176 ac
753 1128 1003 1176 dominatu
1038 1144 1206 1175 exuere
1231 1138 1452 1192 possent,
1479 1139 1527 1176 et
1548 1130 1611 1178 ad

189 1207 402 1256 naturale
413 1208 531 1271 regis
541 1211 833 1254 Francorum
841 1205 1111 1253 dominium
1122 1206 1462 1270 antiquamque
1473 1206 1613 1254 liber-

189 1293 334 1331 tatem
360 1284 616 1343 reducere,
644 1282 917 1331 auctoribus
944 1281 1231 1346 quibusdam
1253 1292 1389 1330 terrae
1407 1283 1578 1330 accolis
1595 1322 1610 1345 ,

189 1376 396 1424 quorum
419 1361 683 1426 praecipuus
695 1360 916 1408 Caricarii
932 1375 1202 1423 cognomen
1214 1360 1424 1407 habebat
1447 1360 1610 1425 (vulgo

194 1441 489 1506 Charuyer²)
507 1479 518 1502 ‚
537 1451 692 1488 totum
710 1440 947 1506 populum
965 1450 1101 1487 terrae
1119 1440 1345 1507 adversus
1360 1441 1583 1505 Anglicos
1595 1480 1607 1504 ,

190 1535 313 1583 quos
337 1520 473 1584 quasi
506 1519 781 1567 naturaliter
815 1534 983 1565 exosos
1007 1517 1273 1577 habebant,
1304 1519 1545 1582 insurgere
1568 1529 1616 1566 et

190 1613 321 1644 arma
337 1606 524 1644 vertere
539 1597 770 1644 fecerunt.
792 1596 886 1653 Qui
910 1594 1032 1641 infra
1049 1611 1230 1660 paucos
1252 1594 1353 1642 dies
1376 1612 1433 1642 ex
1457 1597 1613 1643 omni-

188 1674 279 1722 bus
299 1675 461 1740 patriae
479 1674 601 1721 villis
620 1685 668 1722 et
679 1674 812 1734 vicis,
833 1673 958 1721 circa
978 1673 1096 1720 festa
1119 1673 1372 1720 dominicae
1394 1675 1612 1723 nativita-

191 1753 272 1812 tis,
301 1752 352 1799 in
383 1768 535 1799 unum
553 1751 767 1808 collecti,
794 1767 906 1798 cum
927 1750 1087 1814 aliqua
1110 1766 1259 1797 manu
1277 1751 1452 1798 militiae
1476 1753 1613 1815 regiae

190 1829 443 1878 tendentes
481 1830 545 1878 ad
590 1829 825 1895 oppidum
859 1828 919 1875 de
962 1828 1165 1891 Hareflu
1211 1829 1608 1889 munitissimum,

192 1909 242 1956 in
275 1925 373 1973 quo
409 1909 551 1973 pauci
583 1907 706 1973 [qui]
736 1916 905 1972 praeter
945 1905 1120 1970 Anglos
1158 1905 1429 1954 habitarent
1478 1919 1614 1955 erant

192 1986 438 2052 permissi,
480 1986 637 2051 ipsum
674 1986 854 2050 impetu
909 1983 1227 2031 multitudinis
1286 1996 1611 2050 expugnatum

193 2074 475 2130 receperunt
493 2100 505 2124 ,
532 2064 661 2111 caesis
688 2063 915 2128 Anglicis,
937 2072 984 2110 et
1004 2064 1103 2127 regi
1126 2066 1417 2110 Francorum
1442 2064 1613 2112 ditioni

194 2143 520 2191 reddiderunt.
550 2141 695 2200 Quod
720 2151 768 2188 et
790 2140 1007 2188 similiter
1038 2140 1099 2187 de
1120 2139 1302 2206 oppido
1321 2142 1615 2190 Monasterii·

119 2235 124 2238 ·
194 2219 380 2268 Villaris
400 2221 414 2245 ⁸
454 2229 501 2267 et
534 2219 594 2267 de
627 2218 846 2285 pluribus
878 2216 1079 2266 castellis
1120 2226 1166 2264 et
1203 2216 1414 2265 turribus
1450 2220 1614 2284 patriae

195 2302 408 2350 fecerunt
429 2340 441 2364 ,
466 2319 571 2366 quae
596 2318 644 2350 se
669 2311 797 2364 tum,
827 2301 986 2366 potius
1016 2316 1161 2365 quam
1188 2302 1448 2369 expugnari
1468 2304 1633 2350 susti-

197 2390 392 2440 nerent,
417 2379 663 2427 voluntate
685 2379 762 2427 vel
786 2378 1110 2445 periculorum
1132 2378 1386 2427 formidine
1409 2379 1614 2428 dedide-

197 2467 327 2504 runt.

263 2535 566 2583 AEstimantes
587 2519 747 2583 autem
768 2536 937 2584 eadem
955 2536 1177 2584 facilitate
1195 2552 1245 2583 se
1264 2545 1311 2583 et
1328 2537 1419 2584 alia
1437 2536 1616 2603 oppida

253 2684 272 2719 1
284 2710 292 2719 .
322 2680 443 2719 Rebus
463 2686 542 2719 suis
561 2682 709 2722 devrait
728 2684 809 2722 etre
827 2684 934 2736 place
949 2684 1076 2736 plutot
1094 2683 1189 2722 dans
1207 2697 1251 2723 cc
1271 2684 1425 2724 dernier
1443 2683 1614 2724 membre

200 2743 248 2781 de
268 2742 408 2794 phrase
424 2773 434 2792 ,
451 2742 488 2780 le
504 2743 585 2780 seul
604 2744 743 2795 auquel
762 2744 789 2782 il
809 2757 848 2782 se
871 2752 1065 2796 rapporte.

254 2804 294 2840 2.
331 2819 347 2835 α
365 2804 419 2840 Le
438 2801 641 2850 Queruier,
662 2819 681 2838 n
703 2803 796 2842 dans
815 2804 852 2842 la
873 2805 1080 2853 Chroniqtle
1098 2804 1146 2840 de
1167 2807 1302 2852 Berry.

257 2864 295 2899 3.
327 2860 608 2900 Montivilliers.

308 2934 323 2957 1
667 2914 669 2916 ¹
1382 2922 1404 2957 8
