2086 3528
502 380 551 416 54
883 373 1226 412 HISTORIARUM
1251 373 1431 412 CAROLI
1457 374 1526 410 V11

502 459 626 506 filius
654 458 887 522 legitimus
903 493 915 516 ,
939 473 1107 503 verum
1131 457 1273 503 etiam
1301 455 1440 520 regis,
1467 456 1615 502 immo
1648 465 1695 502 et
1717 454 1911 504 nobilis·

501 537 607 583 simi
630 533 816 599 imperii
838 550 920 580 rex
942 542 1084 596 atque
1100 532 1374 581 moderator
1388 533 1643 580 exsisteret.
1665 531 1770 579 Fuit
1783 531 1910 586 enim

501 611 758 678 prudentia
795 619 841 656 et
885 609 1084 656 consilio
1119 609 1168 655 in
1209 609 1350 656 rebus
1387 627 1498 657 cum
1519 609 1632 656 belli
1656 618 1759 656 tum
1782 608 1911 674 pacis

502 688 825 752 sagacissimus
856 697 903 733 et
925 686 1250 750 gravissimus,
1284 687 1333 733 in
1365 688 1665 735 exsecutione
1690 702 1804 733 vero
1829 701 1911 733 eo-

501 783 607 813 rum
633 781 738 829 quae
759 764 976 811 consulto
1011 763 1195 827 agenda
1230 763 1418 812 decreta
1440 775 1594 812 essent
1617 764 1912 812 cautissimus

501 855 642 910 atque
671 843 1022 891 efficacissimus
1052 853 1317 903 exsecutor,
1354 854 1407 891 ut
1439 844 1702 892 luculenter
1731 845 1914 893 cunctis

502 924 726 985 innotuit,
752 940 809 971 ex
831 939 927 987 quo
951 939 1037 987 per
1060 939 1171 969 eum
1196 923 1246 969 in
1270 922 1428 970 arduis
1449 940 1503 971 ac
1521 923 1788 971 difficilibus
1804 939 1914 971 cau—

502 1003 564 1050 sis
587 1012 728 1066 atque
753 1001 957 1064 negotiis(
981 1000 1163 1047 fortiter
1186 1010 1230 1046 et
1261 1010 1451 1048 strenue
1469 1018 1674 1068 persaepe
1698 1012 1744 1050 et
1766 1002 1911 1067 longo

506 1088 721 1143 tempore
746 1077 952 1124 factitata
975 1076 1191 1135 suerunt,
1215 1086 1360 1141 prout
1381 1076 1430 1123 in
1454 1077 1776 1142 sequentibus,
1802 1094 1913 1125 cum

503 1155 837 1221 opportunitas
859 1170 908 1200 se
932 1152 1183 1214 obtulerit,
1209 1153 1532 1200 ostendemus.
1641 1214 1643 1216 Ι
1832 1167 1838 1171 ’

570 1232 734 1290 Qualis
753 1241 910 1278 autem
929 1231 1061 1277 miles
1083 1231 1269 1278 futurus
1285 1240 1421 1290 esset,
1442 1231 1603 1279 audita
1616 1231 1748 1279 clade
1767 1247 1912 1297 quam

503 1314 710 1357 Francos
746 1309 874 1373 apud
911 1308 1186 1355 Vernolium
1230 1309 1477 1374 pertulisse
1517 1310 1885 1357 memoravimus
1899 1347 1911 1370 ‚

504 1388 664 1435 statim
705 1386 914 1452 auspicia
951 1386 1174 1434 ostendit.
1213 1390 1332 1434 Cum
1367 1387 1495 1434 enim
1534 1404 1612 1434 rex
1629 1424 1642 1448 ‚
1680 1389 1764 1452 qui
1803 1397 1915 1434 tunc

503 1466 661 1514 adhuc
681 1466 870 1530 juvenis
892 1474 993 1513 erat
1023 1474 1094 1527 et,
1122 1475 1174 1512 ut
1201 1464 1476 1530 hujusmodi
1499 1475 1608 1513 aetas
1629 1464 1742 1513 dare
1765 1464 1912 1524 solet,

504 1545 757 1603 conviviis,
796 1544 983 1592 choreis
1006 1552 1052 1589 et
1079 1543 1400 1608 voluptatibus
1423 1544 1506 1591 diu
1536 1553 1777 1608 noctuque
1807 1543 1917 1590 satis

504 1621 756 1686 indulgens
781 1631 827 1668 et
850 1620 1103 1686 plusquam
1127 1620 1241 1668 utile
1264 1620 1424 1668 fuisset
1441 1658 1452 1680 ‚
1480 1638 1615 1683 eum,
1642 1630 1807 1686 utpote
1823 1635 1918 1667 una

505 1701 737 1747 nutritum
761 1709 808 1746 et
830 1698 1102 1760 educatum,
1133 1698 1336 1745 multum
1358 1699 1546 1759 amans,
1576 1698 1704 1764 apud
1727 1714 1776 1745 se
1800 1697 1918 1745 reti-

504 1794 618 1826 nere
646 1777 695 1823 in
720 1776 898 1823 deliciis
923 1775 1062 1823 vellet
1084 1785 1153 1836 et,
1181 1792 1240 1823 ne
1269 1776 1330 1823 ad
1354 1775 1624 1841 arripienda
1646 1791 1778 1822 arma
1798 1791 1917 1823 con-

504 1853 708 1914 volaret,
735 1852 986 1918 impediret
1007 1861 1148 1917 atque
1172 1852 1469 1918 prohiberet¹
1489 1889 1502 1911 ‚
1527 1852 1576 1899 id
1601 1851 1787 1900 efficere
1817 1868 1918 1900 non

504 2034 643 2086 passait
664 2035 684 2071 3
704 2033 806 2071 Blois
827 2033 864 2072 la
882 2046 1001 2072 revue
1021 2033 1136 2072 d’une
1158 2032 1385 2086 compagnie
1404 2032 1617 2071 d'hommes
1635 2032 1798 2072 d'armes
1825 2031 1917 2084 qu'il

505 2092 762 2132 commandait
781 2106 880 2145 pour
898 2093 933 2130 le
949 2092 1022 2143 roi,
1043 2105 1138 2131 avec
1159 2092 1195 2130 le
1220 2092 1306 2130 titre
1329 2091 1511 2142 d’ecuyer
1528 2091 1726 2130 banneret.
1749 2093 1806 2140 (P.
1834 2093 1919 2131 At<-

505 2167 637 2200 szmnz,
662 2153 762 2192 Hist.
782 2155 999 2203 genealog„
1021 2160 1047 2189 t.
1069 2154 1102 2198 1,
1125 2165 1164 2202 p.
1190 2153 1300 2199 ⁶212.)

560 2216 598 2252 1.
624 2211 724 2251 C’est
749 2214 945 2264 peut-etre
979 2214 999 2250 3
1026 2220 1123 2251 cette
1154 2211 1361 2263 singuliere
1393 2210 1549 2249 defense
1567 2222 1643 2262 que
1671 2222 1711 2248 se
1738 2218 1920 2263 rapporte

505 2287 558 2312 un
579 2273 645 2311 fait
672 2285 747 2324 peu
766 2285 893 2310 connu
905 2302 915 2320 ‚
938 2271 1030 2309 dont
1051 2271 1105 2309 les
1119 2270 1223 2309 titres
1242 2269 1325 2308 font
1343 2269 1410 2307 soi.
1436 2271 1489 2308 Le
1507 2269 1566 2307 roi
1585 2269 1639 2308 lui
1658 2277 1773 2320 ayant
1790 2268 1920 2308 donne

506 2332 541 2371 le
569 2333 693 2371 comte
731 2331 779 2370 de
804 2331 970 2370 Mortain
994 2344 1043 2369 au
1074 2330 1170 2368 mois
1194 2329 1242 2367 de
1271 2328 1416 2367 sevriers
1435 2330 1538 2367 1424
1555 2359 1565 2378 ,
1591 2329 1629 2368 le
1647 2329 1701 2367 lui
1721 2329 1835 2368 retira
1853 2328 1919 2368 dix

506 2391 602 2430 mois
635 2391 747 2443 apres
776 2404 824 2429 en
851 2390 905 2428 lui
931 2390 1102 2428 donnant
1125 2391 1146 2427 ἐι
1172 2389 1209 2427 13
1230 2388 1336 2441 place
1355 2388 1391 2427 le
1409 2388 1532 2427 comte'·
1552 2388 1600 2427 de
1629 2388 1741 2439 Gien.
1763 2388 1859 2427 Mais
1883 2388 1920 2427 le

505 2450 643 2490 Batard
656 2464 704 2489 ne
724 2450 837 2488 laissa
854 2462 954 2501 pour
973 2449 1055 2487 cela
1074 2449 1121 2487 de
1140 2448 1340 2487 continuet·
1358 2450 1379 2486 ὲι
1396 2447 1600 2487 s’intituler
1615 2456 1739 2487 comte
1753 2447 1800 2488 de
1819 2451 1920 2487 Mor-

506 2510 607 2560 tain;
627 2523 671 2549 ce
690 2509 755 2561 qui
775 2521 912 2547 amena
931 2508 967 2546 le
986 2508 1044 2546 roi
1064 2510 1086 2546 3
1104 2509 1140 2547 le
1158 2507 1428 2559 de'sappointer
1447 2506 1494 2545 de
1514 2520 1694 2546 nouveau
1711 2520 1782 2560 par
1807 2506 1919 2546 d’au-

504 2579 581 2609 tres
603 2570 732 2608 lettres
753 2569 839 2621 plus
857 2580 1055 2619 expresses
1072 2568 1139 2619 qui
1159 2567 1346 2620 portaient
1366 2566 1636 2605 l’interdiction
1655 2567 1703 2606 de
1729 2567 1765 2605 le
1789 2567 1921 2606 laisser

505 2630 704 2678 sejourner
723 2628 817 2666 dans
836 2628 871 2665 le
898 2640 1004 2679 payS.
1026 2629 1093 2676 Or,
1115 2628 1135 2666 a
1157 2635 1253 2665 cette
1265 2626 1430 2679 epoque,
1449 2625 1487 2664 13
1503 2640 1641 2679 guerre
1657 2626 1747 2665 etait
1765 2625 1860 2665 dans
1883 2625 1920 2665 le

506 2689 631 2727 comte
649 2688 697 2727 de
713 2686 891 2734 Mortain,
907 2686 1089 2725 frontiere
1105 2686 1171 2725 des
1191 2686 1363 2739 Anglais,
1379 2686 1503 2724 tandis
1521 2700 1596 2738 que
1612 2687 1649 2726 la
1663 2686 1753 2740 paix
1770 2685 1918 2740 regnait

507 2765 646 2790 encore
673 2765 739 2790 sur
766 2751 820 2789 les
848 2749 967 2788 bords
986 2749 1088 2788 dela
1107 2749 1234 2788 Loire.
1256 2753 1328 2788 Les
1352 2763 1516 2801 preuves
1543 2750 1590 2789 de
1613 2750 1696 2789 cela
1719 2750 1919 2791 existaient

507 2811 689 2849 autrefois
714 2810 807 2848 dans
830 2810 884 2848 les
915 2808 1090 2847 archives
1114 2808 1166 2847 du
1187 2811 1293 2847 Mont
1317 2809 1601 2852 Saint-Michel.
1629 2811 1686 2850 Cf.
1709 2810 1745 2849 le
1773 2813 1816 2850 P.
1834 2812 1917 2850 Απ-

508 2884 640 2917 5ιῑιΜῑ,
665 2870 691 2908 1.
714 2884 747 2908 c.
