2086 3528
704 370 851 408 LIBER
878 372 1079 411 PRIMUS.
1542 373 1591 410 33

173 450 366 516 solymis
386 488 398 512 ,
437 469 548 499 cum
589 469 617 500 a
650 455 980 502 Romanorum
1013 457 1224 504 exercitu
1272 454 1590 516 obsideretur,

170 528 342 591 'eadem
368 546 503 595 paene
524 529 705 590 clades,
734 539 836 578 turn
860 549 915 579 ex
939 532 1062 579 fame
1078 569 1090 593 ,
1120 542 1228 592 >tum
1261 549 1316 580 ex
1341 532 1594 583 subsecuta

170 605 284 660 inde
304 607 557 654 saevissima
576 617 726 673 peste,
753 607 880 656 hanc
908 609 1078 657 urbem
1097 610 1304 658 affecerit
1330 620 1472 675 atque
1494 627 1596 659 vas*

90 696 106 708 ·'
172 684 357 747 taverit,
385 704 407 728 «
425 685 463 732 si
481 701 626 750 parva
639 685 750 733 licet
769 703 1062 752 componere
1085 688 1284 751 magnis.
1310 707 1334 733 »
1360 691 1596 736 Feruntur

89 767 122 818 Γ
171 761 299 810 enim
328 761 599 823 obsidione,
635 763 756 812 fame
785 764 991 830 tabeque
1011 766 1288 831 consumpti
1316 766 1439 814 ultra
1464 783 1597 815 sexa-

174 840 303 904 ginta
327 839 474 905 millia
496 840 770 889 hominum.

235 920 357 967 Cum
379 927 540 965 autem
566 920 709 966 tantis
739 919 1042 968 afficerentur
1064 921 1225 980 malis,
1249 920 1411 969 adhuc
1434 931 1596 970 tamen

173 1011 274 1044 sese
293 995 469 1044 dedere
494 996 848 1059 detrectabant,
875 1007 978 1046 tum
1000 1009 1198 1064 propter
1223 999 1481 1047 horrorem
1507 1017 1596 1047 no-

172 1072 312 1120 minis
348 1073 634 1137 Anglorum,
668 1074 750 1138 qui
778 1084 892 1122 tunc
920 1075 1090 1122 incolis
1124 1085 1258 1123 terrae
1289 1076 1434 1123 nimis
1462 1077 1598 1125 inco·

172 1151 316 1215 gniti,
345 1152 456 1199 licet
486 1153 806 1217 interjacentis
840 1148 945 1200 freti
970 1154 1125 1220 spatio
1153 1154 1265 1202 satis
1295 1154 1492 1202 modico
1525 1155 1600 1202 di-

170 1229 283 1292 visi,
311 1230 471 1295 potius
519 1230 820 1278 ferocissimae
852 1230 1037 1291 belluae,
1082 1248 1226 1295 quam
1267 1231 1519 1294 homines,
1570 1249 1598 1280 a

172 1307 414 1373 plerisque
436 1308 829 1374 simplicioribus,
858 1318 912 1355 ut
940 1308 1268 1374 praediximus,
1298 1310 1599 1358 aestimaban-

170 1394 276 1444 tur;
319 1395 422 1433 tum
455 1387 598 1434 etiam
632 1386 744 1451 quia
777 1386 1102 1451 quorumdam
1135 1387 1427 1435 factionibus
1464 1389 1595 1453 (qui,

171 1480 269 1528 quo
288 1464 338 1511 id
354 1464 516 1511 animo
536 1464 762 1520 facerent,
786 1465 1103 1530 ignoramus),
1126 1466 1322 1530 singulis
1338 1483 1478 1531 paene
1500 1467 1599 1515 die-

169 1541 262 1591 bus
283 1541 466 1590 civibus
485 1541 782 1589 asserebatur
807 1541 943 1589 brevi
968 1543 1367 1606 Burgundionum
1392 1543 1566 1592 ducem
1583 1583 1595 1607 ,

169 1622 253 1686 qui
288 1631 404 1668 tunc
441 1620 625 1668 Parisiis
665 1630 766 1667 erat
806 1637 917 1667 cum
952 1636 1062 1684 rege
1097 1637 1208 1667 cum
1248 1621 1408 1669 valida
1452 1638 1599 1670 manu

169 1698 344 1747 auxilio
372 1699 672 1761 adfuturum,
705 1700 839 1764 cujus
871 1717 964 1765 ope
999 1711 1047 1748 et
1080 1700 1402 1750 subventione
1445 1712 1598 1751 castra

170 1776 429 1841 Anglorum
455 1788 804 1843 expugnarent,
832 1788 880 1826 et
908 1795 1009 1826 sese
1033 1778 1300 1826 obsidionis
1325 1779 1596 1828 incommo-

169 1852 242 1901 dis
263 1854 538 1902 liberarent.
562 1858 620 1902 Et
642 1865 696 1902 ut
716 1855 859 1920 hujus
883 1856 952 1904 rei
971 1855 1090 1904 fides
1115 1855 1319 1904 validius
1335 1858 1509 1905 animis
1533 1860 1597 1906 ci·

168 1933 298 1980 vium
332 1935 701 2000 imprimeretur,
731 1934 1038 1999 fingebantur
1059 1935 1303 1983 interdum
1331 1946 1377 1983 et
1402 1938 1588 1997 nuntia,

170 2019 216 2058 et
238 2012 449 2077 epistolae
474 2013 622 2077 ipsius
653 2012 788 2060 ducis
818 2014 1016 2061 nomine
1040 2014 1102 2061 ad
1130 2014 1257 2061 cives
1280 2015 1590 2077 transmissae,

169 2107 274 2155 quae
292 2091 435 2139 etiam
459 2090 649 2157 publice
677 2090 947 2154 legerentur
962 2129 974 2152 ,
1004 2091 1180 2157 quibus
1203 2092 1485 2158 pollicitatio
1507 2093 1591 2141 fie-

169 2167 250 2216 bat
279 2185 389 2216 eum
423 2169 484 2216 ad
516 2179 700 2216 certum
726 2179 771 2216 et
795 2169 1085 2234 praefinitum
1108 2169 1238 2216 diem
1263 2170 1521 2219 adventare
1547 2181 1594 2218 et

169 2247 348 2295 eisdem
371 2247 538 2295 solatia
560 2246 849 2295 defensionis
864 2247 1176 2313 praebiturum
1192 2265 1310 2296 esse.
1333 2251 1450 2306 Quae
1469 2266 1592 2297 vana

171 2333 216 2371 et
238 2323 401 2371 delusa
420 2323 711 2372 confidentia
730 2340 832 2371 non
858 2341 1029 2389 parum
1044 2323 1201 2371 obfuit
1223 2326 1425 2385 civitati3
1454 2327 1586 2390 quia,

169 2402 209 2450 si
231 2404 461 2451 maturius
487 2420 575 2451 suo
593 2404 855 2450 infortunio
881 2404 1196 2451 consuluisset
1220 2413 1267 2450 et
1292 2403 1589 2452 deditionem

170 2481 377 2542 fecisset,
405 2482 635 2546 potuisset
656 2480 829 2528 multas
856 2480 1085 2528 libertatis
1110 2491 1252 2546 atque
1274 2482 1588 2529 immunitatis

170 2630 265 2670 dont
299 2631 337 2670 le
369 2632 576 2670 manuscrit
605 2640 666 2675 estv
693 2633 714 2669 a
745 2631 783 2670 la
814 2630 1080 2684 bibliotheque
1109 2633 1312 2685 imperiale
1341 2634 1469 2683 (fonds
1496 2634 1589 2672 latin

169 2700 212 2730 n⁰
230 2693 364 2740 6239),
384 2690 451 2729 fol.
469 2693 517 2729 69
539 2702 548 2732 t
571 2694 627 2728 De
644 2696 941 2730 miseria‘civiam
955 2693 1058 2743 fame
1064 2698 1302 2743 pereuntium
1315 2709 1331 2739 ,·
1348 2702 1386 2732 et
1400 2694 1434 2731 le
1451 2696 1588 2744 poeme

169 2752 316 2804 anglais
328 2751 601 2802 intitule‘Siege
614 2750 806 2799 owaen,
829 2752 960 2803 publie
981 2752 1133 2804 d’apres
1151 2753 1188 2791 le
1211 2754 1417 2791 manuscrit
1434 2761 1476 2790 n⁰
1492 2756 1585 2802 124,

170 2811 219 2851 de
237 2811 384 2862 Bodley
406 2813 427 2849 a
448 2811 612 2858 Oxford,
637 2812 731 2850 dans
745 2813 1046 2864 l'Archaeologia,
1069 2822 1096 2852 t.
1119 2816 1268 2860 XXIII,
1292 2827 1331 2865 p.
1356 2816 1421 2852 43.
1440 2813 1471 2850 Il
1490 2826 1516 2863 y
1538 2826 1586 2851 en

171 2883 194 2910 a
210 2884 287 2910 une
309 2870 580 2923 reimpression
602 2871 785 2910 executee
807 2873 828 2909 a
845 2875 996 2910 Rouen.

277 2952 292 2976 1
1405 2940 1426 2976 3
