2086 3528
714 354 861 390 mmm
890 354 1118 402 QUIN'rUS.
1551 361 1629 398 285

211 438 316 485 lites
331 437 497 502 patris,
518 436 601 500 qui
621 434 682 482 ad
705 436 804 500 ejus
824 435 1067 484 ordinaria
1090 437 1323 503 stipendia
1344 440 1627 501 militabant,

213 515 473 580 ducesque,
502 530 809 580 quacumque
832 523 930 561 arte
954 524 1165 579 poterat,
1186 516 1246 563 de
1268 518 1462 566 servitio
1485 522 1631 584 patris

213 594 286 641 sui
307 593 510 641 educere
526 630 539 654 ,
564 602 609 639 et
625 592 686 640 ad
704 592 1034 658 delphinatum
1052 610 1192 640 suum
1209 595 1461 644 attrahere.
1494 600 1632 648 Unde

214 672 547 739 quamplures,
573 689 734 719 rerum
757 688 990 720 novarum
1009 672 1211 737 cupidos
1230 681 1298 735 et,
1322 685 1374 722 ut
1395 676 1511 724 tales
1534 666 1634 725 esse

216 750 397 810 solent,
422 767 592 816 parum
620 760 895 805 constantes
912 787 922 806 ‚
963 751 1362 815 promissionibus
1397 756 1634 821 variisque

215 828 615 881 machinamentis
638 828 728 875 sibi
755 828 983 886 adscivit,
1013 828 1120 876 licet
1142 829 1192 876 id
1215 833 1338 895 patri
1370 849 1458 879 suo
1489 834 1635 881 vehe-

217 915 403 955 menter
442 906 720 972 displicere,
763 922 972 971 eumque
1006 906 1053 952 in
1094 908 1241 954 malas
1283 908 1437 956 de'eo
1482 912 1634 976 suspi-

216 984 380 1031 ciones
411 993 668 1049 propterea
698 982 938 1031 adducere
972 999 1071 1030 non
1105 984 1374 1047 ignoraret3
1413 987 1497 1034 sed
1534 989 1633 1054 pie-

217 1070 361 1109 tatem
379 1096 391 1114 ,
435 1075 582 1125 quam
628 1060 831 1111 naturali
870 1061 977 1124 jure
1022 1061 1187 1109 divino
1233 1073 1375 1128 atque
1420 1064 1636 1114 humano

219 1155 388 1187 omnes
416 1138 694 1204 parentibus
727 1138 935 1199 debent,
963 1139 1118 1186 taliter
1149 1156 1250 1187 non
1279 1142 1533 1190 verebatur
1566 1145 1638 1192 of-

219 1219 431 1268 fendere.

284 1292 472 1356 Quibus
505 1297 651 1345 rebus
684 1297 1055 1357 animadversiS‚
1083 1309 1130 1346 et
1162 1316 1259 1364 quo
1282 1301 1558 1362 tenderent,
1600 1304 1638 1350 si

218 1391 525 1441 progressum
546 1374 726 1422 habere
760 1376 957 1435 sineret,
982 1392 1084 1422 non
1114 1377 1299 1424 nescius
1329 1388 1478 1442 pater,
1504 1380 1640 1442 cogi-

221 1455 363 1512 tavit,
378 1454 671 1519 priusquam
694 1454 883 1517 longius
909 1454 1144 1518 latiusque
1167 1456 1535 1520 progrederetur
1556 1475 1640 1523 pe-

221 1531 454 1591 riculum,
487 1530 575 1578 sibi
598 1548 844 1596 regnoque
873 1532 1137 1579 consulere.
1167 1535 1276 1590 Quo
1300 1534 1426 1599 ipse,
1461 1534 1640 1600 absque

222 1610 318 1657 ulla
350 1609 684 1673 ambiguitate,
723 1610 927 1657 libenter
953 1614 1187 1657 exsortem
1211 1628 1323 1659 eum
1357 1613 1567 1671 fecisset,
1603 1615 1642 1660 si

222 1702 362 1752 pares
376 1686 539 1733 animo
558 1695 605 1733 et
617 1686 870 1733 ambitioni
889 1702 984 1733 suae
999 1687 1123 1734 vires
1143 1687 1365 1752 colligere
1381 1690 1637 1753 potuisset3

223 1780 323 1811 non
353 1764 484 1811 enim
517 1763 578 1811 ab
613 1764 714 1827 ejus
748 1764 980 1824 memoria
1003 1764 1242 1812 exciderat
1269 1765 1472 1829 qualiter
1499 1767 1638 1829 olim,

224 1853 326 1891 tum
351 1860 485 1909 paene
506 1843 783 1891 adolescens
796 1882 807 1904 ‚
827 1860 939 1891 eum
958 1860 1106 1908 regno
1126 1844 1380 1892 deturbare
1401 1862 1456 1893 ac
1480 1845 1644 1912 depel-

226 1922 321 1969 lere
361 1931 632 1969 attentarat.
678 1922 915 1980 Quocirca
958 1922 1142 1968 cautior
1180 1922 1407 1982 effectus,
1449 1925 1645 1972 studens

226 1998 419 2046 obviam
459 1998 528 2045 ire
567 1999 882 2046 comminanti
910 1997 1152 2063 procellae,
1191 2016 1303 2046 cum
1333 1999 1475 2047 etiam
1514 2001 1646 2047 mul—

227 2086 390 2124 torum
409 2075 470 2123 de
489 2075 663 2123 eodem
694 2093 781 2123 suo
813 2076 911 2123 filio
934 2075 1164 2141 querelis,
1191 2077 1252 2124 de
1283 2078 1466 2141 injuriis
1503 2089 1646 2143 atque

227 2153 557 2218 iniquitatibus
600 2170 719 2218 quas
756 2154 806 2200 in
848 2155 948 2202 dies
992 2155 1323 2202 committebat
1340 2191 1351 2213 ,
1399 2161 1647 2221 permotus

228 2231 600 2296 sollicitatusque
622 2241 744 2279 esset
765 2269 778 2293 ‚
806 2248 917 2278 cum
942 2233 1148 2279 exercitu
1170 2249 1335 2279 versus
1363 2232 1648 2297 Lugdunum

230 2320 372 2376 atque
406 2312 643 2358 Viennam
688 2310 966 2370 contendit;
1018 2310 1102 2357 ubi
1144 2327 1256 2357 cum
1307 2310 1648 2376 aliquantisper
1712 2333 1716 2337 ·

231 2401 498 2439 remoratus
520 2401 663 2452 esset,
690 2391 890 2439 credens
913 2391 1128 2455 ejusdem
1151 2390 1233 2437 filii
1255 2391 1328 2438 sui
1349 2392 1564 2438 animum
1588 2391 1659 2440 de.

231 2486 319 2517 suo
351 2471 575 2518 exterreri
597 2470 845 2530 adventu¹,
874 2469 935 2517 ad
959 2479 1302 2535 paternamque
1326 2469 1650 2516 obedientiam

233 2564 288 2595 ac
323 2549 640 2596 reverentiam
666 2548 742 2596 vel
778 2549 844 2596 sic
873 2548 1049 2597 debere
1083 2549 1316 2610 emolliri⁷
1349 2548 1512 2613 copias
1543 2565 1650 2596 suas

289 2692 327 2727 1.
359 2688 585 2740 Septembre
599 2690 717 2727 1456.
741 2691 924 2728 L’auteur
942 2688 1157 2727 intervertit
1174 2688 1229 2726 les
1249 2687 1347 2725 faits.
1366 2689 1420 2724 Le
1435 2687 1514 2735 roi,
1535 2697 1653 2726 avant

237 2748 285 2788 de
315 2762 356 2787 se
386 2757 522 2786 mettre
545 2762 591 2787 en
612 2757 742 2795 route,
765 2749 868 2787 avait
888 2748 1042 2800 envoye·
1058 2748 1224 2786 Antoine
1245 2747 1293 2785 de
1316 2745 1541 2786 Chabannes
1557 2760 1652 2786 avec

235 2808 379 2847 l'ordre
399 2809 585 2846 d’arreter
602 2808 638 2846 le
657 2807 843 2860 dauphin.
876 2810 976 2847 C'est
1003 2807 1193 2845 la-dessus
1222 2819 1298 2857 que
1327 2805 1483 2844 celui-ci
1510 2807 1586 2859 prit
1614 2806 1652 2846 la

236 2868 356 2918 suite3
377 2868 404 2907 il
425 2868 515 2907 etait
532 2868 654 2920 parti,
677 2868 832 2918 lorsque
851 2867 1009 2907 Charles
1025 2869 1095 2906 VII
1116 2866 1246 2904 arriva
1263 2867 1285 2903 a
1306 2868 1429 2916 Lyon.
