2086 3528
507 322 583 363 106
886 321 1229 365 HISTORIARUM
1250 324 1437 365 CAROLI
1463 326 1533 363 VII

502 404 816 456 rebellionem
848 413 991 468 atque
1014 405 1351 461 discessionem
1370 426 1453 456 eos
1477 418 1722 473 urgerent,
1747 410 1916 474 stimant

505 481 603 530 lare
624 491 681 529 et-
693 481 954 542 concitare,
974 498 1123 533 novas
1145 500 1338 549 quoque
1361 486 1552 551 injurias
1571 485 1812 551 prioribus
1831 503 1915 544 ou-

505 558 756 609 mulantes.
791 559 1128 612 Existimabam
1161 562 1318 624 enim,
1351 565 1390 612 si
1430 564 1490 612 ad
1520 574 1733 630 apertam
1764 579 1916 629 unque

503 636 813 691 rebellionem
848 637 1142 702 prosilirent,
1179 648 1281 691 tum
1314 652 1503 691 nactam
1536 642 1625 690 sibi
1656 642 1915 707 legitimum

504 713 806 765 occasionem
836 714 886 766 in
911 731 994 766 eos
1008 752 1020 776 ‚
1055 725 1283 780 tanquam
1307 734 1414 767 reos
1443 719 1560 767 laesae
1586 719 1840 784 majestatis
1867 729 1916 768 et

502 791 844 856 perduellionis
861 829 873 853 ‚
902 810 1212 858 quaecumque
1250 811 1372 844 saeva
1410 813 1464 844 ac
1493 797 1685 850 hostilia
1720 797 1915 862 cogitari

504 881 722 935 possent,
751 870 977 937 perficere
1001 883 1145 936 atque
1167 873 1364 938 impune
1387 891 1622 927 exercere.
1942 884 1946 887 ’

977 1050 1318 1096 CAPITULUM
1350 1052 1429 1096 111.

524 1182 746 1228 Rebelliones
760 1191 796 1217 et
812 1182 924 1222 turbae
945 1181 1175 1231 popularium
1197 1183 1409 1221 rusticorum
1426 1183 1464 1219 in
1479 1183 1676 1226 Baioeisno
1691 1191 1725 1225 ez
1737 1182 1776 1225 in
1790 1183 1893 1229 Vfilk

983 1243 1090 1277 Viriae
1105 1242 1272 1281 adversus
1290 1243 1435 1290 Anglos.

567 1345 704 1393 Unde
741 1347 791 1393 in
831 1356 1017 1393 tantum
1053 1345 1383 1395 occasionibus
1428 1345 1789 1410 hujuscemodi,
1828 1360 1918 1416 por

501 1425 690 1490 rapinas
733 1434 779 1472 et
819 1441 1013 1472 omnem
1060 1425 1339 1488 injuriarum
1389 1425 1632 1491 speciem,
1682 1423 1918 1490 populum
1996 1448 1999 1451 v
2063 1434 2075 1455 ³

500 1500 784 1561 afflixerunt,
809 1511 859 1548 ut
880 1502 929 1548 in
952 1511 1056 1549 toto
1076 1502 1342 1549 Baiocismo
1359 1504 1393 1559 ²,
1421 1500 1696 1549 auctoribus
1710 1499 1921 1560 nonnule

498 1578 554 1625 lis
575 1577 816 1627 nobilibus
836 1579 998 1643 patriae
1016 1581 1050 1639 ²,
1076 1579 1242 1645 populi
1264 1595 1487 1644 agrorum
1510 1588 1558 1626 et
1579 1578 1800 1626 villarum
1817 1614 1829 1638 ,
1853 1576 1917 1626 ad

499 1675 606 1707 suas
642 1659 934 1708 ulciscendas
966 1660 1163 1723 injurias
1197 1670 1245 1707 et
1280 1659 1780 1722 calamitates,‚oouati
1806 1667 1919 1707 flunt

498 1739 673 1803 Anglos
695 1740 845 1804 patria
877 1738 1052 1805 pellere
1085 1749 1166 1786 aut
1197 1739 1529 1786 exterminare.
1560 1737 1755 1789 Collecti
1786 1737 1917 1784 enim

499 1828 714 1883 tempore
735 1815 958 1877 hiemali,
986 1833 1098 1863 eum
1120 1817 1248 1881 rigor
1271 1816 1442 1864 hiemis
1467 1815 1773 1869 vehementer
1801 1824 1917 1864 tune

498 1896 702 1956 saeviret,
730 1896 850 1960 agris
873 1894 1052 1959 ubique
1087 1893 1278 1942 nivibus
1302 1895 1364 1942 ad
1386 1893 1759 1960 profunditatem
1781 1893 1917 1943 duo-

497 1991 605 2022 rum
633 1974 813 2040 pedum
843 1984 890 2021 et
913 1973 1036 2021 ultra
1069 1972 1309 2038 adopertis
1326 2011 1338 2035 ‚
1366 1973 1428 2021 ad
1451 1971 1727 2020 suburbana
1749 1970 1915 2037 oppidi

497 2052 806 2100 Cadomensis
834 2062 1187 2110 convenerunt,
1213 2052 1426 2099 aestimati
1450 2051 1511 2103 ad
1545 2065 1800 2098 numerum
1823 2049 1914 2098 tri-

497 2130 625 2193 ginta
647 2130 848 2177 millium
867 2130 1120 2179 hominum
1144 2129 1409 2194 etamplius
1423 2166 1435 2190 ‚
1458 2144 1590 2179 arma
1614 2125 1807 2192 quidem
1832 2135 1914 2174 aut

495 2207 625 2257 nulla
661 2208 890 2257 habentes
904 2247 916 2271 ‚
947 2219 1029 2258 aut
1063 2208 1195 2265 talia,
1242 2206 1405 2272 paucis
1435 2205 1642 2271 exceptis
1657 2243 1669 2266 ‚
1705 2221 1811 2270 quoe
1848 2203 1912 2252 ad

495 2285 667 2333 milites
687 2287 812 2335 bene
835 2287 980 2335 armis
1002 2283 1342 2349 commuui[tos
1368 2282 1731 2349 aggredi]endos
1755 2280 1909 2330 ineffi-

549 2429 587 2465 1.
618 2431 671 2466 Le
693 2428 839 2466 Bessin.

549 2489 588 2526 2.
625 2487 712 2525 «'Ilz
731 2487 885 2526 avoient
901 2499 1072 2538 avecque
1092 2486 1183 2525 eulx
1202 2485 1394 2537 plusieurs
1423 2482 1635 2523 chevaliers
1663 2494 1848 2521 normans
1872 2489 1912 2520 et

496 2546 661 2587 escuiers
692 2546 744 2585 du
774 2559 883 2599 pays,
915 2547 982 2598 qui
1007 2560 1047 2585 se
1071 2546 1230 2585 misrent
1250 2545 1515 2598 pareillement
1537 2557 1601 2583 sus
1619 2551 1751 2583 contre
1782 2541 1911 2582 iceulx

495 2608 669 2661 Anglois,
687 2616 795 2645 entre
806 2606 972 2658 lesquelz
983 2606 1144 2646 estoient
1156 2621 1235 2660 ung
1247 2606 1401 2646 nomme
1411 2605 1575 2644 Thomas
1586 2604 1639 2644 du
1656 2604 1759 2656 Bois,
1779 2603 1910 2650 lesire

495 2669 543 2707 de
565 2668 757 2718 Merville,
786 2681 866 2722 ung
885 2668 1040 2706 nomme
1061 2667 1192 2707 Pierre
1218 2668 1252 2706 le
1282 2667 1485 2715 Flamen03
1507 2679 1587 2718 ung
1612 2665 1736 2704 aultre
1753 2664 1908 2703 nomme

493 2728 714 2780 Quatrepie.
725 2760 748 2768 ..
761 2758 769 2768 .
782 2736 820 2766 et
836 2727 949 2766 disoit
964 2740 1014 2766 on
1027 2740 1102 2778 que
1115 2727 1226 2778 celuy
1239 2725 1449 2778 Quatrepie
1463 2725 1574 2763 estoit
1588 2724 1625 2762 le
1637 2723 1824 2777 principal
1838 2735 1908 2764 en-

495 2795 722 2839 trepreneur
733 2794 771 2826 et
782 2800 853 2839 par
865 2786 1002 2825 l’advis
1014 2795 1052 2825 et
1060 2786 1158 2825 cond
1164 2786 1262 2825 uicte
1277 2785 1419 2838 duquel
1434 2798 1474 2824 se
1486 2783 1766 2838 gouvernoient
1779 2780 1906 2828 iceulz

494 2846 707 2886 chevaliers
724 2859 905 2885 normans
927 2854 964 2884 et
982 2846 1138 2885 austres,
1163 2863 1178 2878 »ι
1196 2847 1290 2883 Jean
1313 2845 1498 2894 Cham‘er,
1520 2844 1547 2884 l.
1575 2858 1607 2883 c.
