2086 3528
706 333 855 372 LIBER
891 332 1164 370 SECUNDUS.
1604 333 1649 369 91

230 428 341 467 tuor
381 415 529 469 millia
569 416 788 464 virorum
827 426 951 476 erat;
988 416 1099 479 sed,
1148 415 1262 465 licet
1293 415 1657 482 comparatione

228 495 466 555 hostium,
493 515 516 539 «
533 496 689 560 exigui
711 513 942 559 numero,
971 507 1132 546 tamen
1159 496 1376 563 profecto
1405 495 1533 547 bello
1556 506 1659 544 erat

228 573 387 624 vivida
402 573 567 622 virtus.
588 592 612 619 »
631 575 798 623 Renati
812 585 974 624 autem
993 575 1245 637 exercituS,
1265 592 1321 623 ex
1335 574 1655 638 Lotharingis,

228 657 263 701 F
263 655 435 716 ranciS,
455 653 745 715 Alemannis,
767 655 1026 721 plusquam
1041 656 1210 719 viginti
1225 654 1355 704 mille
1369 654 1659 703 bellatorum

229 747 330 779 esse
353 730 614 793 ferebatur;
637 732 847 782 habebat
871 735 1003 782 enim
1032 733 1211 781 multos
1243 732 1431 782 nobiles
1458 735 1660 781 Germa·

227 821 318 854 nos
354 805 415 853 de
453 805 621 854 Rheno
649 817 696 855 et
723 809 1053 873 adjacentibus
1082 808 1218 856 terris
1246 825 1359 856 cum
1394 808 1492 855 suis
1518 809 1662 856 etiam

227 876 555 948 Lotharingi33
589 885 800 937 habebat
830 897 878 934 et
913 886 1294 934 strenuissimum
1324 895 1371 933 et
1396 884 1661 933 famosissi—

227 977 361 1009 mum
386 963 691 1028 capitaneum
720 965 974 1013 dominum
1005 964 1064 1011 de
1091 963 1344 1011 Barba-ran
1374 979 1487 1010 cum
1511 963 1663 1029 pluri—

225 1039 317 1091 bus
342 1043 552 1089 Francis.

293 1122 415 1168 Cum
455 1131 617 1168 autem
660 1122 1032 1187 Burgundiones
1084 1139 1196 1170 cum
1245 1121 1444 1188 praefato
1486 1122 1662 1169 comite

227 1207 382 1246 castra
411 1198 537 1246 intra
561 1199 921 1264 Lotharingiam
944 1200 1110 1248 metati
1131 1209 1312 1261 essent,
1339 1209 1387 1248 et
1413 1216 1470 1247 ea
1496 1216 1664 1247 secun-

227 1275 347 1324 dum
380 1277 450 1324 rei
478 1278 695 1326 militaris
729 1289 881 1327 artem
917 1288 1059 1344 atque
1088 1279 1304 1326 instituta
1339 1277 1579 1326 locassent
1608 1295 1664 1326 ac

227 1356 538 1419 muniissent,
568 1359 630 1407 ad
657 1376 740 1407 eos
766 1359 986 1425 praefatus
1009 1376 1093 1406 rex
1121 1361 1330 1406 Renatus
1351 1357 1665 1405 debellandos

229 1450 341 1482 cum
364 1446 468 1486 toto
492 1454 582 1484 suo
606 1438 815 1485 exercitu
836 1437 1140 1498 adventavit3
1168 1453 1379 1501 quorum
1405 1435 1664 1483 multitudo

227 1513 612 1563 adversariorum
629 1516 919 1581 paucitatem
931 1525 1250 1563 contemnens
1262 1523 1309 1561 et
1321 1514 1457 1580 parvi
1467 1514 1661 1573 faciens,

227 1591 356 1642 illico
379 1605 428 1642 et
453 1593 636 1659 absque
661 1611 800 1642 mora
826 1611 909 1641 eos
938 1594 1084 1642 armis
1106 1593 1339 1658 impetere
1363 1590 1534 1639 voluit.
1571 1593 1664 1638 Eo-

227 1690 338 1721 rum
365 1691 482 1722 vero
511 1675 829 1722 temeritatem
856 1673 1099 1721 refrenare
1127 1682 1354 1730 conatus,
1383 1670 1462 1718 ille
1485 1679 1667 1718 vetera-

228 1767 320 1799 nus
341 1752 477 1801 miles
509 1752 763 1800 Barbasan
791 1769 892 1800 non
917 1752 1096 1817 potuit.
1121 1750 1279 1798 Dabat
1301 1750 1481 1815 quippe
1506 1749 1666 1795 consi·
1720 1788 1728 1797 ,

228 1828 345 1877 lium
361 1831 495 1895 quod
511 1848 610 1879 non
625 1841 782 1879 essent
795 1831 1060 1896 praecipites
1076 1828 1139 1878 ad
1161 1828 1492 1877 invadendum
1505 1826 1666 1874 hostes

231 1919 279 1957 et
306 1910 663 1958 conserendum
686 1926 897 1976 pugnam
923 1926 1036 1958 cum
1063 1908 1205 1974 ipsis,
1235 1907 1321 1972 qui
1345 1916 1500 1954 castra
1525 1905 1666 1953 valde

230 1989 415 2036 munita
439 1988 685 2037 habebant
707 2005 819 2036 cum
842 1987 1155 2053 praerogativa
1178 1985 1274 2033 loci
1299 1987 1347 2032 in
1370 2001 1470 2050 quo
1492 2000 1549 2032 ea
1571 1984 1667 2031 col-

231 2065 529 2128 locaverant,
569 2067 800 2132 quodque
834 2067 959 2114 duos
988 2075 1072 2114 aut
1104 2074 1199 2112 tres
1231 2063 1333 2111 dies
1355 2079 1665 2126 congressum

233 2143 501 2205 differrent,
539 2156 587 2194 et
620 2162 720 2193 non
759 2144 932 2211 procul
958 2143 1020 2192 ab
1050 2143 1117 2191 eis
1145 2152 1299 2190 castra
1334 2149 1663 2200 metarentur-3

234 2238 346 2270 cum
363 2224 493 2285 enim
513 2240 539 2271 e
561 2224 714 2289 patria
728 2260 741 2284 ,
760 2240 867 2288 quae
890 2224 956 2271 eis
978 2221 1201 2289 parebat,
1229 2219 1425 2268 abunde
1448 2218 1669 2286 provide·

234 2311 366 2348 retur
382 2301 443 2350 de
460 2318 656 2350 annona
670 2303 948 2367 caeterisque
970 2300 1248 2349 necessariis
1267 2298 1412 2351 rebus
1429 2315 1517 2346 suo
1541 2314 1667 2345 exer-

236 2378 381 2440 citui,
430 2379 594 2428 hostes
630 2396 746 2429 vero
763 2418 775 2441 ,
832 2379 1008 2446 quibus
1053 2379 1219 2426 omnia
1262 2387 1399 2425 erant
1443 2376 1635 2423 inimica
1651 2412 1663 2435 ,

237 2458 457 2505 omnium
490 2476 653 2507 rerum
684 2468 842 2507 essent
870 2458 1059 2524 passuri
1099 2458 1148 2505 in
1182 2457 1346 2523 paucis
1379 2455 1551 2504 diebus
1583 2470 1666 2519 pe-

239 2536 428 2583 nuriam
462 2546 508 2584 et
530 2537 592 2585 ad
629 2538 834 2586 alterum
857 2538 918 2585 de
950 2536 1143 2584 duobus
1173 2545 1477 2599 urgerentur,
1514 2532 1585 2580 vel
1615 2541 1668 2578 ut

239 2612 533 2661 deditionem
557 2615 767 2663 facerent
789 2625 836 2663 et
861 2615 1101 2681 supplices
1122 2631 1293 2680 pacem
1317 2619 1565 2676 rogarent,
1593 2608 1668 2657 vel

239 2700 315 2750 ut,
342 2690 535 2740 dimisso
565 2693 676 2741 loco
707 2703 754 2743 et
777 2694 963 2755 castris,
997 2694 1047 2740 in
1077 2692 1350 2759 patentibus
1372 2689 1554 2754 campis
1578 2704 1665 2735 co-

238 2768 368 2833 piam
403 2769 675 2834 pugnandi,
713 2771 896 2819 seclusa
928 2771 1038 2818 loci-
1070 2770 1407 2836 praerogativa,
1447 2764 1668 2813 hostibus

242 2846 413 2895 darent
437 2867 451 2909 3
483 2848 533 2898 in
558 2864 654 2913 qua
669 2866 832 2915 pugna
852 2860 901 2898 et
922 2849 1206 2911 certamine,
1231 2844 1549 2897 verisimiliter
1570 2843 1667 2893 suis
