2086 3528
518 355 595 393 206
890 351 1232 394 HISTORIARUM
1261 354 1443 392 CAROLI
1477 356 1545 392 VII

520 437 638 485 dino
658 452 800 484 suum
824 435 1141 483 ministerium
1162 435 1476 497 exhibebant,
1502 436 1632 484 idem
1655 437 1927 503 Floquetus,

518 530 631 562 eum
655 515 775 575 suis,
816 513 940 561 clam
964 522 1014 562 et
1038 513 1201 560 furtim
1234 514 1514 561 Vernolium
1543 515 1756 563 introivit
1789 507 1932 581 tuque

517 592 740 656 recepit¹.
771 591 917 654 Cujus
942 601 1054 637 cum
1088 592 1351 655 ingressum
1378 592 1580 657 Anglici,
1609 593 1693 657 qui
1723 587 1820 640 illic
1840 594 1948 659 pro

516 671 736 736 praesidio
761 671 903 719 locati
925 681 1088 733 erant,
1116 673 1481 738 persensissent,
1508 673 1670 739 plures
1690 689 1749 722 ex
1770 673 1840 721 eis
1868 672 1932 721 ad

515 749 774 812 quamdam
798 749 1163 798 munitissimam
1181 786 1194 810 ,
1230 759 1336 814 quae
1362 749 1458 798 illic
1483 761 1579 814 est,
1605 752 1800 799 turrim¹
1821 758 1931 799 cori·

514 879 594 919 duo
620 888 895 919 construuntur
915 879 1150 919 molendina.
1173 882 1227 919 Ac
1247 893 1348 919 unus
1373 880 1535 920 istorum
1558 880 1929 924 molendinarius....

514 939 564 979 ad
582 938 768 979 ballivum
789 939 1080 989 Ebroicensum,
1099 939 1310 979 Robertum
1335 939 1384 979 de
1410 943 1583 992 Floques,
1606 954 1648 979 se
1667 942 1931 994 profecturum

513 999 712 1040 conclusit.
736 1001 807 1039 Cui
826 1001 986 1039 consilio
1004 1009 1160 1052 aperto,
1181 997 1377 1039 liberalius
1401 998 1561 1049 obtulit,
1581 995 1687 1039 infra
1706 998 1931 1041 remelium

512 1061 639 1114 ipsum
671 1061 882 1101 Robertum
919 1061 1068 1100 facilius
1098 1061 1474 1101 interducturum....
1505 1063 1602 1099 Tum
1627 1059 1795 1100 ballivus
1815 1061 1931 1111 hujus

513 1122 571 1160 rei
602 1123 789 1161 occultam
817 1122 955 1161 seriem
978 1121 1151 1160 Dunensi
1176 1121 1305 1160 comiti
1325 1134 1394 1161 ore
1417 1129 1528 1159 tenus
1546 1128 1711 1170 reserat,
1733 1121 1930 1162 senescal-

512 1195 636 1232 coque
654 1182 883 1220 Pictaviensi
901 1181 1057 1219 mandat
1081 1195 1247 1233 propere
1269 1181 1318 1219 ad
1344 1181 1472 1233 ipsum
1497 1188 1727 1230 venturum,
1749 1190 1793 1220 ut
1820 1195 1931 1222 exse-

511 1243 655 1280 cutioni
686 1251 761 1280 tam
787 1242 953 1280 difficilis
983 1242 1098 1289 hujus
1121 1242 1241 1280 felicis
1274 1240 1419 1295 negotii
1451 1240 1571 1278 fidum
1600 1254 1797 1280 armorum
1823 1243 1932 1294 gerat

505 1302 706 1350 juvamen.
723 1301 849 1340 Ambo
870 1301 983 1339 simul
1000 1301 1149 1349 juncti,
1174 1310 1216 1339 ut
1229 1301 1343 1339 otiosi
1360 1309 1397 1338 et
1413 1299 1462 1338 ab
1481 1299 1597 1338 armis
1611 1300 1764 1351 penitus
1782 1299 1930 1338 remissi

511 1362 758 1406 viderentur,
787 1361 983 1413 ingentem
1018 1354 1231 1398 venationis
1264 1368 1490 1412 apparatum
1528 1367 1776 1407 construunt,
1815 1367 1854 1397 et
1888 1359 1930 1398 in

509 1421 751 1459 Concharum
773 1421 870 1458 silva
885 1452 895 1469 ‚
928 1428 971 1458 ut
986 1450 996 1468 ‚
1019 1421 1195 1459 velamen
1214 1421 1374 1474 fugandi
1393 1434 1529 1459 cervos
1548 1420 1695 1472 absque
1713 1420 1931 1473 suspicione

509 1481 619 1520 hoste
645 1480 1001 1526 animadvertente,
1028 1476 1197 1519 maxima
1222 1481 1262 1519 in
1290 1479 1537 1519 multitudine
1554 1476 1717 1519 conchis
1747 1479 1931 1520 accedere

507 1550 730 1592 possent....
752 1541 844 1578 illuc
862 1540 911 1578 ab
936 1540 1159 1579 Ebroicensi
1179 1540 1274 1579 urbe
1295 1541 1478 1592 conjuges
1496 1540 1703 1579 senescalci
1722 1549 1761 1579 et
1777 1539 1928 1590 ballivi,

509 1613 660 1638 sorores
679 1613 893 1652 germanae,
914 1599 1029 1647 hujus
1049 1600 1179 1638 arcani
1200 1601 1352 1652 penitus
1371 1600 1532 1652 ignarae,
1551 1607 1594 1637 ut
1615 1597 1812 1638 venationi
1827 1599 1930 1639 sera—

509 1673 594 1698 rum
617 1654 814 1706 intersint,
842 1660 975 1707 jocose
999 1659 1227 1699 veniunt....
1250 1660 1436 1698 Latibulis
1462 1670 1559 1698 vvero
1588 1658 1694 1698 silvae
1715 1660 1817 1699 trina
1842 1661 1928 1700 vice

506 1720 703 1773 ingressis,
726 1719 990 1759 delectabilem
1006 1721 1220 1759 venationis
1238 1721 1438 1760 mollitiem
1457 1721 1686 1760 dominabus
1703 1722 1845 1762 teneris
1863 1735 1928 1761 ce-

505 1779 603 1818 dunt
628 1788 666 1818 et
697 1780 791 1818 ferri
820 1779 1064 1831 asperitatem
1089 1779 1323 1819 iuduunt...
1355 1783 1453 1819 Tum
1482 1780 1786 1820 molendinarius
1812 1789 1928 1834 atque

505 1838 586 1887 ejus
609 1839 802 1879 socius....
829 1836 977 1877 decima
999 1852 1103 1877 nona
1119 1839 1205 1888 julii
1221 1870 1232 1889 ‚
1260 1839 1349 1879 ideo
1378 1839 1484 1892 quod
1515 1841 1601 1880 luce
1628 1836 1804 1893 sequenti
1827 1841 1928 1881 cele-

502 1897 580 1936 bris
614 1899 825 1937 Dominicae
850 1896 1071 1937 solemnitas
1107 1912 1177 1938 sua
1204 1899 1428 1938 molendina
1456 1900 1539 1939 fore
1563 1898 1747 1953 praecepit
1776 1900 1921 1951 otiosa,

503 1957 725 2010 diruptione
749 1971 936 2009 aquarum
967 1958 1090 2007 facta,
1116 1972 1140 1998 e
1163 1959 1275 1998 fossis
1294 1960 1551 2012 profluentem
1580 1960 1726 1999 faciunt
1753 1959 1920 2000 elabim.

501 2020 628 2068 Atque
649 2018 846 2057 relucente
865 2030 1029 2066 aurora,
1060 2019 1187 2057 caeteri
1207 2019 1249 2057 in
1278 2018 1450 2058 excubiis
1485 2027 1773 2073 pernoctantes,
1798 2021 1925 2072 arguti

501 2075 770 2115 molendinarii
782 2076 1093 2129 persuasionibus
1108 2077 1264 2124 devicti,
1275 2091 1387 2116 mane
1403 2077 1509 2117 ocius
1524 2092 1641 2130 quam
1659 2078 1822 2132 vigilum
1831 2093 1926 2118 con-

499 2135 663 2174 suetudo
690 2145 796 2185 erat,
823 2148 846 2174 a
871 2136 1171 2189 propugnaculis
1195 2148 1397 2175 murorum
1424 2136 1687 2186 descendunt,
1708 2146 1751 2176 ut
1768 2138 1923 2178 missam

498 2196 538 2234 in
557 2196 647 2235 solis
666 2205 754 2235 ortu
769 2196 1038 2235 celebrandam
1057 2196 1286 2236 audirent...
1308 2197 1552 2236 Senescalcns
1569 2197 1830 2247 Pictavorum,
1851 2207 1923 2250 pe-

501 2255 687 2294 destrium
717 2256 899 2304 director,
921 2257 997 2294 late
1019 2265 1193 2296 ocreatus
1210 2287 1220 2305 ‚
1249 2257 1289 2295 in
1308 2257 1463 2295 alveum
1489 2257 1800 2310 molendinorum
1818 2259 1922 2298 luto-

499 2329 581 2354 sum
594 2346 604 2362 ‚
635 2315 787 2354 duobus
806 2315 1010 2368 sagittariis
1028 2316 1363 2364 antecedentibus,
1384 2316 1534 2368 primus
1554 2314 1695 2365 infert:
1721 2320 1829 2357 tanto
1850 2318 1922 2358 luti

499 2374 671 2427 pondere
688 2388 806 2414 onere
822 2375 1020 2414 retrahere
1039 2375 1089 2414 ab
1107 2375 1220 2414 alveo
1237 2387 1368 2414 ocreas
1384 2386 1463 2415 non
1476 2377 1625 2429 potuit3
1639 2386 1735 2429 quas
1750 2378 1792 2417 in
1810 2391 1921 2419 coeno

497 2435 719 2483 dimittens,
753 2435 907 2474 evulsos
937 2435 1054 2487 pedes
1086 2435 1214 2474 nudus
1244 2435 1386 2474 moenia
1419 2436 1658 2478 ascendit...
1691 2438 1920 2480 Insidiantes

498 2508 592 2533 vero
607 2494 728 2533 scalas
747 2492 938 2547 dirigunt,
959 2507 1004 2533 ac
1021 2495 1077 2533 illi
1099 2492 1262 2534 directas
1281 2509 1394 2535 muro
1411 2496 1608 2548 adaptant,
1630 2497 1784 2536 nemine
1801 2498 1920 2550 partis

497 2554 671 2593 adversae
686 2553 936 2605 intelligente.
957 2554 1059 2593 Galli
1074 2554 1208 2593 subtus
1221 2555 1372 2602 armati,
1390 2556 1528 2594 tunicis
1545 2556 1728 2596 talaribus
1741 2558 1919 2611 superin-

497 2615 579 2654 duti
593 2645 604 2662 ‚
624 2615 851 2654 vernolium
872 2614 1090 2654 subintrant
1109 2628 1180 2668 per
1198 2629 1381 2668 magnum
1400 2616 1530 2654 vicum
1548 2647 1558 2666 ,
1580 2616 1664 2656 sine
1685 2618 1914 2670 strepitu....

494 2678 612 2714 Fores
639 2675 733 2714 seris
757 2675 886 2714 fractis
915 2674 1117 2726 aperiunt;
1151 2683 1347 2727 equestres
1375 2676 1501 2724 Galli,
1528 2677 1701 2728 equitatu
1720 2677 1860 2729 celeri,
1891 2690 1913 2717 e

494 2734 651 2775 latebris
671 2735 849 2776 affluunt..
869 2751 886 2768 »
908 2733 1054 2773 Robert
1072 2734 1232 2773 Blondel
1247 2766 1259 2785 ,
1280 2734 1347 2773 lib.
1363 2737 1397 2786 1,
1419 2748 1505 2788 cap.
1525 2749 1606 2775 xv1.

549 2798 566 2833 ι
613 2799 668 2834 Le
688 2798 740 2834 ts
752 2794 879 2844 juillet
894 2796 1013 2834 1449.
1581 2847 1583 2849 ,

548 2856 587 2893 ².
607 2856 709 2895 G'est
719 2864 764 2894 oe
775 2858 895 2907 qu’on
906 2854 1075 2907 appelait
1089 2857 1125 2892 10
1135 2855 1302 2894 Chateau
1314 2866 1365 2893 ou
1378 2857 1417 2892 la
1426 2868 1551 2906 grosse
1567 2854 1911 2895 tourdeVemeuil.
