2086 3528
491 388 542 424 70
876 382 1219 430 HISTORIARUM
1245 382 1428 421 CAROLI
1454 383 1526 420 VII

492 485 586 534 que
622 477 668 514 et
697 466 886 513 indiciis
916 465 976 513 de
1006 464 1340 513 occultissimis
1375 465 1541 525 rebus,
1573 481 1691 530 quas
1728 466 1778 536 in
1815 482 1912 515 suae

491 544 820 594 testimonium
843 543 1079 590 missionis
1103 559 1158 590 ac
1183 542 1353 591 divinae
1373 543 1703 609 praeceptionis
1725 542 1816 590 sibi
1831 542 1913 590 de-

494 624 623 685 texit,
652 623 701 669 in
719 621 1004 669 nonnullam
1020 621 1258 668 dictorum
1280 620 1424 669 fidem
1451 630 1520 669 est
1536 620 1788 669 adductus.
1809 623 1914 668 Fer-

492 711 569 748 tur
612 700 742 747 enim
790 698 964 745 dixisse
1006 715 1088 745 rex
1132 697 1284 762 (quod
1318 707 1365 745 et
1409 714 1436 745 a
1464 697 1695 763 praedicto
1737 697 1913 746 comite

491 778 732 838 Dunensi,
760 776 844 841 qui
872 775 961 823 sibi
984 775 1374 823 familiarissimus
1401 785 1517 838 erat,
1545 775 1781 823 audivisse
1811 792 1914 824 mea

491 855 772 920 minimus),
809 871 915 901 eam
946 853 1037 900 sibi
1070 863 1166 901 tam
1203 862 1383 900 secreta
1427 863 1569 918 atque
1600 853 1811 915 occulta,
1851 852 1915 901 ad

491 933 733 982 dictorum
767 932 938 991 fidem,
978 932 1254 994 adduxisse,
1296 949 1401 997 quae
1437 933 1597 980 nullus
1637 932 1914 981 mortalium

492 1021 662 1078 praeter
704 1011 912 1076 seipsum
932 1046 944 1070 ,
990 1010 1082 1056 nisi
1127 1010 1355 1056 divinitus
1395 1009 1559 1058 habita
1593 1009 1910 1072 revelatione,

491 1089 609 1136 scire
644 1089 891 1154 potuisset.
924 1089 1178 1135 Assensum
1211 1087 1372 1151 itaque
1408 1086 1664 1134 admonitis
1691 1104 1778 1153 per
1808 1103 1915 1135 eam

491 1177 733 1234 praestans,
762 1166 978 1231 undique
999 1166 1151 1231 copiis
1174 1183 1269 1213 suae
1289 1165 1464 1213 militiae
1488 1164 1730 1231 [collectis]
1747 1202 1760 1226 ,
1785 1182 1909 1226 eam,

492 1256 723 1311 tanquam
747 1245 974 1292 divinitus
997 1244 1260 1292 ductricem
1284 1245 1357 1291 sui
1382 1244 1613 1292 exercitus
1632 1243 1814 1304 datam,
1845 1245 1912 1292 vi-

492 1324 568 1370 rili
594 1332 722 1370 veste
741 1339 945 1388 corpore
963 1332 1010 1369 et
1032 1323 1187 1388 capite
1214 1339 1298 1388 per
1317 1323 1481 1370 omnia
1500 1323 1721 1370 amictam
1735 1360 1748 1384 ,
1771 1322 1916 1370 armis

494 1401 726 1465 equisque
749 1401 1003 1462 munitam,
1033 1416 1147 1447 cum
1172 1400 1275 1447 aliis
1298 1417 1393 1447 suae
1413 1399 1590 1447 militiae
1612 1392 1832 1459 ducibus,
1855 1398 1918 1447 ad

494 1478 839 1544 expugnandos
864 1477 1049 1537 hostes,
1082 1477 1165 1542 qui
1188 1477 1332 1542 longa
1355 1477 1454 1541 jam
1478 1487 1523 1524 et
1546 1477 1755 1543 plurium
1782 1492 1918 1524 men-

494 1557 618 1603 sium
649 1555 901 1603 obsidione
923 1555 1101 1602 dictam
1126 1555 1514 1603 Aurelianensem
1544 1554 1715 1602 urbem
1737 1571 1921 1621 preme·

495 1633 637 1693 bant,
666 1633 950 1681 destinabat.
972 1636 1088 1691 Quae
1106 1633 1322 1699 profecto
1339 1650 1440 1681 non
1461 1634 1527 1680 uti
1550 1633 1611 1680 de
1629 1633 1754 1681 illius
1776 1633 1922 1682 aetatis

496 1711 654 1778 puella
685 1728 768 1759 seu
804 1711 1085 1759 muliercula
1108 1712 1376 1777 potuissent
1407 1712 1649 1774 aestimari3
1676 1712 1760 1760 sed
1787 1728 1923 1760 more

495 1792 711 1839 virorum
733 1790 927 1839 fortium
943 1802 1086 1856 atque
1109 1792 1158 1838 in
1185 1792 1328 1839 armis
1348 1791 1713 1839 exercitatorum
1729 1791 1924 1857 adequi-

498 1870 627 1919 tabat
645 1881 842 1931 armata,
864 1871 1034 1919 vexillo
1052 1872 1270 1937 propri0‚
1298 1882 1528 1937 tanquam
1552 1871 1742 1920 militari
1765 1871 1920 1936 signo,

498 1949 812 2014 praecedente,
837 1951 884 1997 in
908 1968 1007 2015 quo
1035 1951 1267 2015 imagines
1289 1951 1505 2016 gloriosae
1522 1950 1717 2014 virginis
1738 1949 1826 1996 Dei
1844 1965 1923 2013 ge-

498 2029 678 2076 nitricis
701 2039 748 2078 et
770 2030 1042 2095 aliquarum
1067 2046 1123 2077 ex
1148 2029 1285 2077 dictis
1307 2029 1482 2077 sanctis
1503 2026 1768 2090 virginibus
1789 2035 1925 2074 erant

500 2107 716 2173 depictae.

983 2270 1328 2317 CAPITULUM
1361 2270 1441 2314 XI.

499 2391 695 2436 Quomodo
718 2393 783 2427 sub
809 2391 941 2427 ducatu
958 2393 980 2427 J
982 2404 1105 2427 oannae
1130 2392 1259 2427 Pueuae
1278 2399 1390 2426 castra
1404 2391 1602 2438 Anglorum
1620 2390 1714 2426 circa
1729 2389 1928 2427 Aurelianis

733 2453 878 2488 fuerunt
892 2461 1092 2500 expugnata
1104 2478 1114 2496 ,
1131 2461 1165 2487 et
1178 2452 1257 2487 caesi
1273 2452 1452 2500 fugatique
1466 2450 1551 2486 inde
1565 2452 1683 2499 Angli.

566 2570 738 2616 Hostes
762 2567 908 2632 igitur
931 2568 1013 2633 qui
1036 2567 1087 2615 in
1112 2567 1275 2615 castris
1306 2566 1517 2628 stabant,
1543 2584 1648 2632 quae
1671 2567 1801 2615 velut
1821 2582 1928 2614 mu-

499 2647 756 2695 nitissimas
791 2663 923 2695 arces
953 2647 1016 2694 ad
1051 2663 1307 2695 numerum
1346 2663 1497 2711 usque
1527 2663 1607 2694 sex
1636 2655 1718 2693 aut
1745 2652 1928 2710 septem

498 2726 680 2774 circum
713 2723 884 2773 urbem
915 2734 1210 2785 struxerant,
1247 2724 1440 2789 aggredi
1469 2724 1663 2785 statuit,
1701 2721 1928 2787 urbisque

499 2803 808 2863 habitatores,
827 2802 973 2867 longo
985 2804 1083 2868 jam
1105 2804 1233 2852 velut
1249 2818 1438 2850 carcere
1457 2810 1721 2850 asservatos
1738 2810 1785 2848 et
1803 2800 1927 2847 fame

498 2891 642 2946 atque
665 2882 823 2931 inedia
836 2882 1095 2943 confectos,
1120 2880 1433 2930 incommodo
1458 2879 1725 2928 obsidionis
1741 2877 1926 2926 solvere
