2086 3528
749 341 895 378 mmm
921 329 1152 389 Qumms.
1583 334 1661 382 253·

247 423 404 488 pontis
426 420 784 470 Londoniarum
802 424 1058 484 venientes,
1081 424 1147 471 ibi
1165 426 1441 473 conflictum
1461 443 1572 474 cum
1596 429 1664 475 ci-

246 500 381 547 vibus
398 500 508 547 satis
523 499 747 547 acerbum
766 499 1039 548 habuerunt
1051 505 1080 559 ¹,
1100 503 1144 549 in
1163 519 1261 567 quo
1279 514 1553 569 peremptus
1578 505 1665 552 fuit

248 578 490 625 Matthaeus
523 581 592 626 Go
610 615 621 635 ‚
657 579 740 642 qui
767 579 969 626 civitatis
997 580 1264 628 Baiocensis
1296 581 1344 628 in
1374 583 1665 631 Normannia

246 664 293 702 et
313 655 523 720 plurium
546 665 839 703 armatorum
864 657 1139 721 capitaneus
1162 659 1415 718 exstiterat,
1438 661 1666 724 quemad-

248 733 445 780 modum
463 734 510 780 in
521 733 911 798 'praecedentibus
926 751 954 781 a
975 734 1116 782 nobis
1132 735 1314 782 dictum
1331 737 1433 784 fuit.
1455 737 1665 785 Tandem

246 825 361 870 vero
385 811 576 875 populis
599 810 689 857 illis
719 827 748 857 a
782 810 965 857 civibus
998 811 1352 859 Londoniarum
1379 813 1592 877 ingressu
1616 815 1664 861 in

249 886 415 934 urbem
447 887 643 952 pacifice
681 890 936 953 permisso,
963 889 1198 953 quosdam
1232 890 1315 954 qui
1350 892 1582 956 primores
1616 894 1663 939 in

251 965 371 1028 regis
393 965 568 1029 palatio
593 964 792 1023 fuerant,
811 967 942 1029 quasi
968 966 1251 1031 proditionis
1270 983 1395 1027 reos,
1418 970 1558 1015 etiam
1578 970 1666 1034 ipsi

247 1040 437 1106 publice
455 1042 609 1106 capite
631 1051 929 1090 truncarunt.
958 1047 1066 1101 Quo
1090 1043 1156 1090 sic
1178 1054 1389 1107 peracto,
1416 1046 1550 1110 quasi
1575 1047 1667 1093 suf-

247 1117 460 1165 ficienter
481 1119 528 1164 in
557 1119 838 1183 proditionis
871 1130 1090 1167 auctores
1123 1137 1213 1185 pro
1239 1137 1296 1169 ea
1320 1123 1422 1169 vice
1448 1123 1530 1169 ulti
1555 1123 1668 1170 fuis-

246 1205 375 1253 sent,
404 1195 624 1243 abierunt
646 1197 973 1261 unusquisque
996 1197 1058 1245 ad
1080 1198 1290 1263 propria.

726 1378 935 1422 CAPITU
944 1378 1068 1423 LUM
1103 1379 1182 1422 111.

365 1503 523 1548 Qualiter
533 1516 597 1552 per
611 1503 736 1539 ducem
750 1503 902 1538 Eboraci
915 1503 1118 1539 interfectus
1135 1504 1201 1539 fuit
1219 1503 1294 1539 dux
1312 1504 1550 1540 summerseti.

314 1621 410 1666 Nec
436 1635 551 1666 vero
582 1629 780 1684 propter
810 1619 905 1665 hoc
929 1620 1052 1666 inter
1080 1620 1319 1685 principes
1348 1620 1668 1668 dissensiones

249 1705 296 1743 et
314 1696 576 1743 simultates
595 1698 833 1743 exstinctae
852 1706 978 1757 sunt,
999 1696 1082 1743 sed
1104 1697 1152 1743 in
1176 1697 1254 1744 die
1276 1698 1424 1761 magis
1447 1713 1503 1745 ac
1522 1699 1669 1761 magis

249 1774 628 1834 invalescebant,
663 1774 902 1839 praecipue
928 1774 1051 1820 inter
1079 1773 1252 1821 ducem
1276 1774 1479 1822 Eboraci
1508 1785 1556 1822 et
1582 1775 1669 1822 du-

250 1868 356 1899 cem
392 1851 729 1911 Summersefi,
767 1851 850 1915 qui
886 1851 1177 1898 Normannia
1212 1851 1375 1916 pulsus
1410 1851 1589 1905 suerat,
1624 1861 1671 1898 et

252 1929 496 1992 utriusque
520 1929 726 1993 partium
749 1927 1005 1975 studiosos.
1032 1927 1254 1975 Manebat
1275 1928 1404 1975 enim
1423 1926 1531 1974 duci
1550 1927 1673 1978 Ebor-

250 2007 346 2055 raci
379 2006 472 2054 alta
503 2015 661 2052 mente
696 2015 970 2070 repostum,
1005 2005 1138 2069 quod
1166 2004 1254 2052 sibi
1284 2006 1383 2070 ipse
1415 1993 1511 2052 dux
1536 2007 1672 2051 Sum·

251 2083 440 2132 merseti
466 2083 726 2147 regentiam
757 2083 1060 2130 Normanniae
1087 2083 1431 2148 praeripuisset,
1466 2092 1513 2130 et
1543 2083 1673 2130 velut

250 2160 615 2225 quodammodo
635 2176 662 2206 e
682 2159 902 2207 manibus
926 2160 1201 2206 excussisset
1222 2196 1233 2217 ,
1259 2176 1370 2206 cum
1392 2159 1453 2206 ad
1477 2175 1584 2206 eam
1606 2176 1673 2206 re·

252 2238 456 2301 gendam
488 2237 650 2284 suisset
673 2253 729 2284 ex
762 2237 953 2283 decreto
979 2237 1262 2301 parlamenti
1288 2237 1530 2301 Anglicani
1559 2237 1673 2283 des-

251 2316 444 2363 tinatus.
489 2314 582 2361 Sed
615 2323 660 2360 et
695 2313 837 2361 altius
872 2313 1052 2378 aliquid
1084 2323 1130 2360 et
1166 2313 1306 2377 longe
1346 2313 1499 2378 majus
1527 2313 1674 2378 ipsius

253 2391 388 2440 ducis
419 2391 621 2439 Eboraci
651 2392 813 2438 animo
838 2389 1039 2437 infixum
1070 2400 1186 2438 erat.
1215 2393 1334 2438 Nam
1358 2390 1421 2438 ad
1443 2406 1673 2438 coronam

253 2479 300 2516 et
330 2468 551 2516 diadema
590 2468 722 2532 regni
759 2467 1040 2527 anhelabat,
1077 2467 1207 2532 quod
1253 2484 1341 2514 suo
1379 2466 1672 2532 progenitori

257 2546 493 2594 Richardo
531 2547 720 2609 suisque
752 2555 798 2593 et
828 2545 919 2593 sibi
953 2546 1115 2610 inique
1153 2545 1395 2593 sublatum
1419 2546 1559 2592 fuisse
1584 2562 1674 2610 pu-

255 2624 385 2671 tabat
406 2641 491 2689 per
519 2625 802 2681 Henricum,
829 2623 1003 2670 ducem
1036 2624 1313 2670 Lencastriae
1330 2659 1342 2681 ‚
1376 2622 1458 2686 qui
1490 2622 1673 2668 dictum

256 2700 548 2749 Richardum
579 2717 737 2764 regem
772 2700 1056 2748 exstinxerat
1088 2710 1233 2764 atque
1264 2708 1546 2764 peremerat.
1589 2701 1674 2746 Pa-

311 2835 349 2872 2.
383 2835 406 2871 6
421 2831 548 2880 juillet
567 2833 686 2871 1450.
