2086 3528
1108 197 1124 217 ἱ

729 321 875 358 LIBER
905 321 1149 369 QUARTUS.
1558 323 1636 359 245

225 400 500 448 animalium
539 402 802 466 tergoribus
837 413 1046 450 consutae
1083 404 1193 469 ipsae
1232 403 1510 451 bombardae
1528 441 1539 462 ‚
1575 403 1637 451 ab

225 477 368 525 undis
387 478 581 525 marinis
603 479 667 526 ita
685 488 1048 544 protegerentur
1064 482 1292 545 siccaeque
1314 490 1631 541 servarentur,

226 555 359 619 quod
374 571 473 602 non
498 556 655 603 minus
677 558 783 604 usui
803 557 960 605 forent
980 574 1126 623 quam
1143 559 1180 605 si
1198 560 1246 605 in
1266 558 1398 605 arida
1417 568 1463 605 et
1484 558 1637 606 solida

223 641 347 680 terra
369 632 565 680 fuissent
598 634 879 682 collocatae¹.
906 638 1068 700 Itaque
1091 633 1441 682 tormentorum
1468 644 1513 682 et
1535 635 1635 698 Jac-

222 703 360 756 t²uum
379 709 650 757 assiduitate
670 721 875 758 castrum
905 713 1061 777 ipsum
1077 750 1088 771 ‚
1113 712 1243 776 quod
1268 729 1355 777 per
1378 721 1488 759 ante
1509 712 1637 759 inex-

223 785 477 850 pugnabile
495 787 762 850 jactabatur
784 788 884 835 fore
898 826 910 848 ‚
937 790 998 838 ad
1021 789 1316 837 deditionem
1342 788 1604 836 faciendam
1618 826 1630 850 ,

223 858 444 911 recisiore
460 880 604 928 quam
626 865 767 913 unius
793 868 969 914 mensis
987 867 1139 932 spatio
1154 903 1166 927 ‚
1192 866 1502 913 constrictum
1526 865 1630 913 suit.

287 941 340 987 In
370 957 468 1004 quo
503 942 738 1006 completa
774 943 860 990 fuit
891 943 1188 1008 recuperatio
1218 943 1363 989 totius
1399 946 1633 990 Norman-

221 1017 332 1079 niae,
355 1029 579 1066 currente
610 1035 740 1067 anno
763 1021 958 1068 Domini
985 1038 1180 1069 mccccn.
1204 1058 1215 1079 ,
1242 1020 1324 1084 qui
1342 1019 1560 1084 jubilaeus
1587 1030 1635 1068 et

221 1094 382 1158 gratiis
411 1095 581 1160 plenus
615 1107 714 1144 erat
751 1098 1079 1163 apostolorum
1110 1098 1273 1145 limina
1303 1097 1433 1162 apud
1464 1097 1634 1145 urbem

221 1173 422 1220 Romam
443 1174 630 1221 cunctis
663 1175 852 1222 visitare
877 1174 1162 1222 volentibus.
1190 1178 1307 1233 Quae
1339 1175 1484 1222 totius
1513 1177 1633 1222 Nor-

221 1249 424 1297 manniae
446 1251 743 1315 recuperatio
764 1252 885 1299 infra
909 1254 1050 1299 unius
1072 1253 1185 1300 anni
1209 1253 1464 1300 decursum
1487 1263 1634 1319 caepta

220 1337 646 1393 consummataque
669 1329 858 1376 exstitit.
883 1333 1017 1377 Facta
1031 1331 1159 1377 enim
1180 1330 1267 1377 fuit
1282 1329 1461 1377 deditio
1484 1333 1635 1378 Caesa-

220 1403 445 1469 ris-'Burgi
468 1406 572 1471 ipso
592 1406 670 1453 die
689 1423 805 1471 quo,
826 1423 955 1454 anno
974 1408 1235 1472 superiore,
1263 1407 1634 1456 Pons-Odomari

219 1498 247 1529 a
260 1483 391 1546 regio
411 1483 615 1530 exercitu
631 1494 927 1549 expugnatus
945 1484 1253 1550 direptusque
1271 1483 1422 1531 fuerat
1440 1501 1450 1529 t
1471 1485 1519 1530 in
1535 1502 1633 1549 quo

219 1560 363 1608 armis
385 1570 433 1608 et
454 1562 617 1609 castris
645 1561 830 1608 initium
852 1561 1020 1609 eadem
1043 1571 1301 1625 conquesta
1324 1578 1408 1608 seu
1429 1577 1634 1627 recupe-

219 1639 342 1687 ratio
366 1627 581 1705 sumpsit.
607 1640 735 1687 Licet
763 1641 914 1699 enim,
943 1650 994 1687 ut
1015 1657 1158 1705 supra
1180 1639 1450 1698 retulimus,
1475 1639 1632 1704 aliqua

217 1732 304 1782 per
323 1726 455 1779 ante,
482 1727 589 1782 post
615 1716 798 1782 perfide
829 1716 889 1764 ab
912 1717 1069 1780 Anglis
1093 1717 1266 1764 factam
1290 1717 1564 1782 captionem
1586 1727 1631 1765 et

218 1792 536 1859 direptionem
561 1795 727 1860 oppidi
751 1794 812 1842 de
839 1795 1062 1860 Fulgeriis
1084 1795 1131 1841 in
1156 1795 1393 1842 Britannia
1411 1832 1423 1855 ‚
1451 1811 1537 1859 per
1559 1795 1632 1842 in-

218 1870 360 1918 sidias
394 1882 440 1919 et
460 1871 754 1920 vaframenta
785 1882 976 1938 recepta
1011 1873 1206 1919 fuissent
1228 1888 1255 1918 a
1286 1873 1494 1933 Francis,
1531 1889 1632 1920 non

219 1957 377 1996 tamen
396 1948 553 1996 adhuc
571 1949 727 2014 palam
747 1960 1017 2014 treugarum
1034 1960 1230 2015 ruptura
1246 1948 1481 1996 declarata
1497 1951 1635 1996 exsti-

219 2034 360 2089 terat,
383 2043 473 2074 nec
489 2027 667 2093 oppida
685 2028 841 2092 aliqua
857 2045 939 2074 seu
957 2028 1166 2076 civitates
1182 2028 1386 2075 exercitu
1408 2038 1452 2074 et
1472 2028 1634 2075 castris

271 2157 311 2194 1.
347 2173 364 2189 α
382 2156 477 2194 Cum
494 2154 615 2192 nostri
634 2153 684 2193 ab
704 2162 865 2205 utraque
888 2163 996 2205 parte
1015 2153 1213 2192 tormentis
1234 2161 1272 2191 et
1293 2153 1437 2192 insultu
1454 2154 1636 2192 Caesaris-

218 2217 387 2268 Bnrgum
408 2228 631 2267 expugnare
653 2215 816 2264 vellent,
840 2214 905 2252 diu
929 2222 966 2252 et
987 2214 1150 2253 multum
1176 2223 1264 2252 ante
1287 2215 1327 2252 in
1354 2213 1471 2252 animi
1489 2222 1636 2252 secreto

217 2275 384 2314 consiliis
401 2275 623 2327 excogitatis
634 2305 644 2321 ,
662 2274 802 2326 quibus
821 2283 1038 2326 opportune
1057 2274 1251 2312 machinas
1267 2274 1451 2326 adaptare
1464 2282 1634 2326 possent,

216 2343 303 2374 ante
322 2334 612 2387 Cesaris-Burgi
634 2335 807 2382 vultum,
824 2335 864 2372 in
883 2347 1009 2372 arenae
1030 2347 1183 2386 campo,
1203 2334 1269 2385 qui
1289 2334 1338 2372 de
1361 2334 1423 2372 die
1442 2333 1531 2372 bina
1553 2333 1636 2371 vice

217 2394 394 2434 fluctibus
423 2395 539 2434 maris
564 2394 751 2445 operitur,
783 2393 943 2432 solidam
970 2394 1053 2432 solo
1079 2394 1318 2445 adaequatam
1350 2394 1495 2432 silicem
1525 2406 1637 2444 repe-

217 2455 341 2502 riunt;
362 2467 479 2506 supra
498 2466 628 2504 quam,
651 2454 806 2507 egregia
823 2462 861 2492 et
883 2454 1007 2492 invisa
1025 2454 1182 2498 astutia,
1203 2453 1384 2506 magister
1403 2451 1631 2503 GyrauduS,

218 2514 268 2553 ad
297 2512 556 2552 fulminandos
575 2513 677 2551 villae
702 2526 856 2560 muros,
884 2513 1002 2552 latere
1025 2513 1152 2565 pelagi
1178 2521 1292 2550 tenue
1318 2512 1484 2550 munitos
1507 2510 1634 2561 (quod

218 2576 342 2611 Caesar
365 2586 444 2610 non
475 2572 793 2622 animadvertit),
822 2573 1026 2624 quamdam
1053 2572 1304 2611 bombardam
1332 2580 1420 2623 apte
1445 2579 1483 2609 et
1511 2570 1634 2608 forma

218 2634 344 2686 sagaci
362 2632 538 2680 collocat,
561 2640 599 2670 et
616 2632 666 2670 ad
686 2646 726 2671 se
745 2633 1063 2685 cooperiendum,
1078 2641 1237 2684 propter
1252 2632 1447 2670 hostilium
1467 2630 1630 2668 telorum

213 2693 372 2742 jactum,
388 2705 437 2730 ex
451 2691 562 2730 doliis
579 2691 619 2729 in
639 2694 758 2730 unum
773 2693 971 2741 catenatis,
986 2692 1209 2731 mantellum
1229 2690 1430 2730 construit.
1453 2706 1468 2724 »ι
1487 2689 1641 2726 Robert

217 2750 399 2800 Blondel,
418 2750 444 2787 l.
469 2752 536 2797 IV,
559 2764 594 2788 c.
613 2763 752 2789 xxvm.

273 2812 312 2848 2.
344 2812 392 2846 12
415 2811 506 2847 amit
529 2811 646 2847 1450.
