2086 3528
745 327 891 366 LIBER
920 328 1142 369 TERTIUs.
1566 336 1641 374 115

235 408 347 477 tigie
363 413 507 461 tutius
527 411 650 460 iuius
673 412 818 476 paulo
834 422 944 460 ante
962 398 1337 480 populosissiniae
1359 422 1405 465 et
1427 416 1641 486 loeuple-

232 490 421 539 ausimne
441 491 603 556 patriae
624 491 824 539 vastatio
849 501 896 540 et
919 491 1150 541 desolat-io
1171 505 1426 544 consecuta
1440 507 1525 545 est.
1554 501 1643 545 An—

232 568 337 636 gliei
369 571 497 618 enim
531 581 587 618 ex
619 570 818 619 diversis
847 571 964 619 locis
997 572 1232 621 inferioris
1264 577 1567 624 Normanniae
1595 587 1643 625 et

232 647 430 696 aliarum
449 657 683 696 terrarum
706 648 796 696 sibi
815 649 1158 713 subjectarum,
1182 661 1411 717 tanquam
1434 654 1496 700 ad
1515 667 1643 702 com-

231 735 428 774 munem
450 735 752 776 accurrentes
767 727 977 792 praedam
993 763 1006 790 ‚
1026 729 1200 793 oppida
1217 739 1263 776 et
1278 731 1463 778 castella
1485 733 1643 797 patriae

230 797 336 869 q'uae
357 803 581 851 tenebant
602 803 1199 871 militibus'impleverlint3
1225 809 1436 872 quicum
1459 809 1643 873 magnis

230 879 496 946 agminibus
514 882 718 946 patriam
740 882 868 929 illam
892 893 939 930 et
957 884 1138 947 singula
1159 884 1305 950 ipsius
1321 885 1426 933 loca
1448 903 1644 951 percur-

229 967 403 1018 santes,
431 959 593 1007 omnia
616 959 741 1006 ferro
764 969 844 1007 aut
861 960 971 1024 igne
993 969 1039 1007 et
1055 970 1259 1026 utroque
1282 956 1487 1027 plurima
1509 964 1645 1012 loco-

229 1048 339 1084 rum
383 1037 601 1103 populati
639 1048 779 1098 sunt,
811 1050 1141 1103 quoscumque
1178 1040 1310 1087 viros
1355 1041 1646 1090 invenissent

229 1113 520 1163 trueidantes
557 1116 630 1163 vel
666 1115 878 1181 captivos
911 1115 1155 1164 ducentes.
1189 1119 1311 1176 Qui,
1346 1118 1430 1166 ubi
1471 1118 1644 1185 captivi

227 1191 545 1256 ducebantur,
567 1193 658 1241 nisi
675 1193 855 1258 absque
873 1194 1100 1242 dilatione
1122 1196 1318 1261 petitam
1339 1197 1645 1245 exsolvissent

228 1269 508 1335 pecunia-m,
537 1269 877 1334 jugulabantur
894 1272 966 1319 vel
988 1271 1390 1337 demergebantur
1419 1275 1469 1322 in
1498 1291 1645 1339 aqua-

229 1359 337 1393 rum
360 1346 639 1411 gurgitibus.
678 1348 771 1395 Sed
800 1347 925 1413 proh
952 1347 1120 1396 dolor!
1151 1366 1240 1397 nec
1271 1350 1333 1398 ab
1367 1351 1446 1399 illa
1477 1353 1645 1419 populi

229 1427 562 1491 perseeutione
601 1427 744 1474 etiam
787 1426 950 1474 militia
988 1429 1282 1476 Francorum
1297 1466 1309 1490 ‚
1348 1430 1428 1494 qui
1465 1432 1645 1496 oppida

228 1578 391 1619 estotim<
407 1580 429 1617 a
446 1577 702 1626 Tancarville,
718 1578 757 1617 la-
773 1592 979 1618 commune
996 1578 1052 1617 dit
1070 1578 1189 1630 qu’ilz
1208 1578 1407 1617 vouloient
1424 1579 1520 1619 aller
1532 1593 1649 1632 pren-

227 1639 297 1678 dre
318 1637 532 1679 caudebec.
563 1641 635 1676 Les
663 1637 844 1688 Franeois
863 1638 1134 1690 respondirent
1153 1652 1162 1676 ε
1186 1656 1203 1672 «
1229 1640 1340 1678 Ceste
1361 1640 1530 1679 semaine
1550 1654 1648 1680 nous

226 1713 346 1740 avons
362 1693 470 1754 prins
494 1713 560 1738 sur
575 1712 649 1737 noz
668 1699 840 1742 ennemis
860 1699 1051 1750 plusieurs
1071 1697 1199 1749 vines,
1217 1707 1255 1737 et
1273 1695 1533 1751 aujourd’huy
1552 1699 1578 1738 il
1593 1711 1649 1740 est

228 1759 446 1807 dimanche,
466 1755 609 1799 {Inous
633 1758 728 1798 fault
752 1759 863 1798 louet·
880 1758 997 1798 Dieu.
1029 1775 1047 1792 n
1075 1761 1148 1797 Les
1166 1767 1391 1798 communes
1416 1758 1544 1798 dirent
1568 1772 1646 1799 aux

228 1812 532 1874 geris'd’annesx
557 1836 574 1856 u
594 1823 700 1859 Vous
730 1821 809 1858 &tes
834 1820 1027 1868 traistres;
1050 1831 1151 1858 nous
1174 1827 1201 1870 y
1227 1818 1394 1858 voulons
1420 1819 1529 1858 aller.
1557 1836 1573 1854 n
1600 1823 1647 1859 Et

226 1894 314 1921 sans
329 1881 438 1920 nulle
456 1879 727 1929 deliberation,
744 1880 973 1932 chargerent
991 1879 1095 1918 leurs
1109 1879 1188 1918 lars
1204 1887 1242 1918 et
1258 1878 1389 1917 vivres
1408 1891 1456 1917 en
1475 1879 1647 1919 charret-

226 1951 282 1981 tes
301 1951 340 1981 et
353 1941 598 1980 marcherent
611 1941 752 1992 jusque
766 1939 906 1992 aupres
924 1938 973 1978 de
1002 1938 1218 1979 Caudebec.
1237 1941 1284 1976 Et
1299 1939 1322 1975 a
1346 1950 1478 1990 passer
1495 1939 1532 1977 le
1551 1948 1646 1991 pont

225 1993 343 2042 ‹i'une
364 2002 505 2041 rivier'e
527 1998 594 2054 qui
610 2002 722 2041 estoit
742 1995 796 2054 la,
816 1994 872 2039 les
895 1998 1064 2039 archiers
1087 1999 1135 2038 de
1151 1997 1354 2038 caudebec
1369 1992 1647 2050 deffendoyent

224 2059 263 2102 le
275 2068 448 2116 passage.
464 2065 732 2116 Longuement
750 2075 791 2101 se
803 2060 1082 2109 deffendirent3
1102 2068 1141 2098 et
1153 2060 1263 2111 ainsy
1277 2057 1394 2111 qu'ilz
1407 2059 1614 2111 tendoyent
1623 2062 1646 2098 a

225 2123 385 2178 guiguel-
414 2132 460 2163 ce
480 2134 594 2177 pont,
625 2137 706 2177 ung
730 2123 920 2176 capitaine
945 2123 1012 2175 qui
1039 2122 1151 2161 estoit
1176 2128 1288 2173 part}¹
1318 2120 1367 2159 de
1388 2122 1527 2158 Rouen
1545 2134 1645 2172 pour

225 2185 422 2224 teuton-cer
440 2184 657 2234 Caudebec,
670 2185 728 2223 les
743 2184 877 2223 advisa
895 2184 943 2222 de
960 2184 1042 2222 loin
1060 2191 1097 2221 et
1125 2195 1279 2233 envoya
1293 2181 1404 2220 veoir
1421 2181 1534 2232 quelz
1551 2195 1644 2234 gens

227 2246 452 2296 c'estoyent.
471 2248 526 2284 Le
545 2239 752 2298 messaiger
769 2241 843 2283 dist
864 2238 957 2295 qu'il
976 2246 1043 2295 n’y
1066 2242 1172 2282 avoit
1190 2255 1266 2293 que
1282 2241 1320 2279 la
1339 2237 1639 2279 communaulte.

226 2298 281 2342 Le
307 2305 495 2356 capitaine
518 2301 756 2344 chevaulcha
782 2305 862 2342 tant
889 2301 981 2355 qu’il
1001 2302 1057 2341 les
1088 2300 1278 2340 enclouist
1303 2312 1375 2352 par
1405 2299 1577 2338 den-iere
1606 2309 1646 2338 et

227 2362 356 2402 dorma
373 2360 691 2404 soubdainement
708 2376 774 2403 sur
787 2364 842 2403 les
860 2361 1048 2402 Cauchois
1060 2360 1127 2412 qui
1146 2360 1195 2400 de
1206 2372 1252 2400 ee
1263 2373 1314 2398 ne
1333 2372 1374 2398 se
1387 2359 1641 2410 doubtoyent‚

226 2435 320 2461 avec
336 2423 451 2462 l'aide
465 2424 514 2463 de
529 2425 641 2464 ceulx
660 2425 708 2463 de
721 2423 938 2471 Caudebec‚
952 2423 1019 2474 qui
1036 2422 1234 2474 passerent
1250 2421 1287 2459 le
1300 2428 1406 2472 pont.
1425 2422 1484 2458 En
1503 2433 1579 2471 peu
1596 2419 1644 2458 de

227 2490 351 2535 temps
380 2483 475 2522 celle
502 2484 742 2537 compaignie
768 2492 907 2522 tourna
933 2496 982 2521 en
1004 2489 1116 2534 grant
1146 2479 1418 2526 desconfiture,
1447 2487 1485 2517 et
1516 2479 1643 2517 fui-ent

226 2551 393 2596 presque
406 2553 567 2584 trestous
586 2559 689 2585 mors
704 2560 754 2585 ou
773 2547 895 2599 prins,
912 2553 950 2584 et
968 2538 1237 2596 l⁵entreprinse
1253 2542 1320 2582 des
1332 2538 1520 2581 Cauchois
1540 2555 1644 2579 rom-

226 2611 316 2655 pue.
338 2603 393 2642 La
413 2604 655 2643 malediction
674 2606 730 2644 fut
749 2606 860 2658 apres
878 2605 909 2644 si
938 2603 1083 2657 'grande
1103 2612 1152 2642 en
1168 2605 1275 2643 caux
1294 2612 1371 2654 que
1396 2603 1432 2640 le
1457 2614 1551 2652 pays
1570 2601 1641 2639 de-

226 2676 364 2703 moura
378 2663 550 2703 inhabite
567 2677 616 2703 en
634 2665 672 2703 la
691 2665 779 2717 plus
800 2673 908 2717 part3
931 2673 968 2703 et
986 2664 1146 2702 aulcuns
1164 2663 1231 2715 qui
1250 2667 1456 2713 s'estoyent
1468 2660 1642 2713 chargies

227 2725 268 2762 es
290 2723 459 2771 navires,
475 2737 623 2763 comme
641 2724 690 2762 ilz
709 2738 748 2763 se
766 2733 978 2776 pensoyent
996 2723 1167 2771 saulver,
1187 2723 1236 2761 ilz
1251 2723 1421 2774 perirent
1432 2720 1546 2773 parle
1559 2720 1638 2758 feu.

226 2785 273 2821 Et
291 2783 349 2821 sut
368 2783 481 2821 chose
498 2783 645 2834 piteuse
665 2784 689 2820 ὲ.
708 2783 817 2822 veoir
834 2783 865 2821 si
885 2791 997 2835 grant
1016 2782 1233 2821 desolacion
1252 2794 1401 2820 comme
1421 2780 1448 2818 il
1465 2794 1491 2831 y
1514 2788 1593 2818 eut.
1621 2796 1638 2813 »

231 2844 438 2894 Chronique
456 2846 504 2881 de
525 2845 773 2891 Normandie,
790 2844 815 2883 f.
836 2845 912 2882 184
929 2857 963 2882 r.
977 2842 1145 2892 (Edition
1169 2841 1216 2880 de
1239 2843 1368 2888 1581).
