2086 3528
727 361 873 400 LIBER
898 363 1129 410 QUINTUS.
1558 363 1636 403 255

289 445 610 493 Descenderat
629 454 790 494 autem
814 446 943 494 idem
965 447 1062 495 dux
1085 448 1392 495 Summerseti
1409 485 1420 507 ,
1447 449 1529 513 qui
1546 486 1558 507 ‚
1586 459 1637 496 ut

224 523 543 589 praediximus,
568 523 656 571 fuit
686 525 970 586 exstinctus,
998 525 1058 572 de
1081 542 1251 589 genere
1273 534 1319 572 et
1343 525 1491 574 domo
1512 530 1636 573 Len-

223 602 432 662 castriae3
456 618 578 666 quos
598 602 800 650 Eboraci
822 603 936 663 dux,
958 603 1018 651 ad
1038 619 1236 666 regnum
1255 604 1485 668 aspirans,
1511 603 1638 651 velut

226 677 386 726 hostes
400 678 561 726 animo
583 678 791 742 gerebat,
808 688 856 726 et
877 678 987 726 ideo
1009 688 1058 726 ut
1075 679 1346 727 ambitionis
1367 697 1462 727 suae
1484 680 1635 728 fructu

225 756 483 821 aliquando
502 757 646 822 potiri
664 771 840 822 posset,
866 757 948 821 qui
971 756 1031 803 de
1053 757 1132 804 illa
1155 757 1330 805 familia
1354 768 1506 817 erant,
1533 776 1639 823 per-

225 833 378 881 ditum
400 834 456 881 iri
478 834 737 898 satagebat,
764 845 815 881 ut
833 851 919 899 per
939 834 1269 898 hujuscemodi
1298 835 1424 882 velut
1441 851 1633 900 praeam-

227 911 339 960 bula
363 928 418 959 ac
439 913 802 978 praeparatoria,
831 911 1015 959 auxiliis
1039 922 1084 959 et
1105 913 1342 959 columnis
1370 913 1466 960 suis
1489 913 1638 961 desti-

225 999 402 1051 tutam,
429 990 605 1054 regiam
635 998 801 1055 postea
825 989 1026 1036 domum
1055 989 1314 1037 invaderet.
1346 990 1439 1038 Sed
1462 1007 1559 1037 non
1589 991 1638 1037 in

226 1068 424 1131 longum
446 1067 562 1115 abiit
585 1067 719 1132 quod
738 1067 968 1114 Henricus
992 1083 1075 1113 rex
1093 1104 1104 1127 ,
1129 1083 1272 1132 quem
1291 1067 1387 1114 dux
1406 1067 1603 1115 Eboraci
1623 1105 1635 1128 ,

226 1145 355 1193 velut
369 1146 661 1210 gubernator
673 1161 728 1192 ac
744 1143 1018 1191 moderator
1030 1145 1175 1191 totius
1193 1146 1344 1207 regni,
1368 1145 1639 1192 Londonias

226 1223 506 1282 adduxerat,
521 1233 568 1270 et
586 1240 697 1270 cum
715 1221 917 1287 [quoin]
933 1238 1104 1284 magno
1116 1221 1359 1287 triumpho
1368 1222 1641 1269 Londonias

227 1301 482 1349 intraverat
499 1337 510 1359 ,
537 1300 758 1347 manibus
779 1299 990 1363 ejusdem
1015 1299 1149 1346 ducis
1172 1299 1359 1365 elapsus
1377 1335 1390 1358 ‚
1417 1300 1465 1346 in
1490 1300 1642 1364 pristi-

229 1395 342 1426 nam
373 1395 473 1426 sese
508 1377 764 1425 vindicavit
785 1376 1072 1423 libertatem.
1103 1379 1218 1434 Quae
1246 1393 1321 1423 res
1352 1376 1506 1423 eidem
1530 1375 1642 1423 duci

227 1455 456 1515 Eboraci,
482 1455 605 1503 male
642 1454 730 1502 sibi
759 1455 954 1502 conscio
980 1470 1068 1519 pro
1103 1453 1432 1501 interfectione
1463 1454 1642 1519 praefati

227 1533 362 1582 ducis
384 1533 711 1591 Summerseti,
738 1541 785 1580 et
808 1532 910 1579 aliis
935 1531 1095 1578 multis
1117 1548 1223 1596 quae
1243 1531 1353 1578 satis
1375 1530 1643 1593 inconsulte

226 1623 408 1678 egerat,
434 1629 533 1659 non
552 1628 719 1677 parum
739 1610 936 1675 periculi
955 1609 1232 1673 timorisque
1255 1610 1453 1670 invexit3
1470 1609 1643 1674 quibus

228 1690 509 1756 superandis
530 1700 673 1754 atque
694 1687 968 1736 evincendis
987 1687 1201 1747 studens,
1228 1687 1397 1734 iterum
1414 1697 1643 1751 quantam

228 1769 384 1833 potuit
423 1767 626 1815 militum
664 1777 805 1829 atque
841 1764 1095 1813 satellitum
1124 1781 1321 1811 manum
1356 1765 1639 1828 aggregavit.

230 1848 267 1892 E
289 1846 477 1893 diverso
501 1845 642 1892 etiam
660 1844 892 1890 Henricus
912 1859 989 1889 rex
1006 1879 1018 1903 ‚
1046 1841 1238 1888 obviam
1258 1842 1301 1889 ei
1326 1841 1642 1907 profecturus,

230 1924 489 1971 exercitum
505 1921 718 1970 validum
734 1921 947 1986 undique
961 1919 1174 1983 collegit;
1194 1937 1306 1966 cum
1323 1936 1420 1983 quo
1437 1920 1642 1967 exercitu

228 2001 386 2066 ipsum
410 1999 583 2046 ducem
606 2006 901 2063 prosecutus,
917 2013 1028 2044 cum
1044 2012 1212 2043 manus
1227 1996 1349 2059 regis
1367 2012 1504 2060 posse
1526 1996 1647 2044 effu-

230 2094 340 2143 gere
356 2077 650 2143 desperaret,
669 2077 940 2122 interventu
966 2084 1107 2138 atque
1129 2074 1396 2139 patrocinio
1418 2090 1647 2138 quorum-

230 2155 342 2204 dam
368 2171 624 2221 procerum
650 2163 792 2216 atque
826 2152 1160 2217 praelatorum,
1198 2151 1259 2200 ad
1292 2151 1489 2215 gratiam
1523 2152 1646 2215 ejus·

231 2232 344 2280 dem
367 2232 489 2296 regis
511 2231 666 2278 redire
690 2229 920 2294 quaesivit.
954 2231 1050 2276 Rex
1071 2237 1231 2275 autem
1259 2227 1508 2287 Henricus,
1535 2244 1647 2274 cum

230 2321 399 2359 natura
425 2309 662 2374 benignus
684 2317 826 2372 atque
848 2306 1240 2354 clementissimus
1262 2315 1384 2353 esset
1399 2342 1411 2365 ‚
1444 2305 1649 2370 postula-

230 2400 329 2438 tam
352 2406 380 2436 a
398 2405 448 2436 se
471 2386 848 2435 misericordiam
873 2402 974 2432 non
996 2384 1214 2448 negavit,
1238 2383 1322 2431 sed
1352 2383 1506 2430 eidem
1536 2382 1646 2429 duci

230 2467 571 2532 benignissime
604 2464 824 2525 indulsit,
862 2462 1195 2527 fidelitatisque
1231 2462 1279 2508 in
1307 2471 1447 2508 antea
1478 2460 1648 2507 melius

233 2544 542 2594 observandae
559 2543 620 2590 ab
642 2559 699 2590 eo
723 2543 895 2590 iterum
913 2550 1261 2588 sacramentum
1282 2539 1479 2604 accepit.
1504 2539 1648 2584 Duxit

233 2632 391 2671 autem
418 2639 496 2669 rex
528 2622 685 2686 ipsum
712 2618 986 2666 Londonias
1006 2655 1018 2678 ‚
1049 2616 1461 2682 quemadmodum
1486 2625 1532 2661 et
1563 2631 1649 2678 per

233 2711 343 2749 ante
365 2717 525 2764 regem
542 2735 554 2758 ,
576 2709 626 2746 ut
642 2697 848 2745 diximus
866 2734 877 2757 ,
903 2697 1004 2761 ipse
1029 2695 1307 2743 adduxerat.
1330 2696 1485 2750 Quem
1504 2693 1647 2738 etiam

234 2796 283 2826 se
298 2817 310 2839 ‚
329 2777 463 2826 nudo
487 2777 659 2843 capite,
680 2776 805 2822 inter
820 2774 943 2822 duos
967 2790 1047 2820 seu
1078 2772 1297 2837 praelatos
1322 2786 1405 2817 seu
1431 2786 1650 2834 proceres

235 2856 447 2905 medium
472 2854 825 2919 adequitantem
843 2890 856 2914 ,
882 2852 1034 2899 voluit
1058 2848 1351 2916 praecedere,
1380 2856 1432 2894 ut
1467 2846 1649 2895 civibus
