2086 3528
706 331 853 373 LIBER
880 330 1152 375 SECUNDUS.
1590 333 1641 370 87

665 540 1008 588 CAPITULUM
1042 543 1185 589 XVII.

256 680 453 728 Quomodo
468 693 534 730 per
547 680 704 717 Francos
718 682 833 718 levata
847 682 915 718 fuit
930 682 1072 718 obsidio
1088 691 1170 718 ante
1184 681 1464 731 Compendium,
1481 690 1516 719 et
1530 693 1612 732 post

605 742 712 778 etiam
728 742 910 778 obsidium
925 751 1008 779 ante
1021 743 1258 782 Latiniacum.

283 873 430 939 Igitur
451 885 559 940 post
581 874 775 940 longam
807 874 1111 923 obsidionem
1134 874 1449 941 Compendii,
1475 875 1526 923 in
1554 891 1652 940 qua

218 952 361 1003 etiam
391 947 652 1021 aliquando
689 953 1005 1019 personaliter
1035 953 1187 1002 adfuit
1223 953 1494 1020 Philippus,
1538 957 1653 1001 Buru

217 1031 521 1097 gundionum
538 1032 637 1081 dux
653 1033 846 1081 illustris
859 1070 873 1095 ,
893 1050 1005 1087 cum
1025 1033 1288 1099 Anglorum
1306 1034 1489 1100 copiis,
1509 1036 1652 1081 Fran-

217 1099 388 1159 corum
411 1111 584 1172 duces,
612 1113 870 1160 contractis
902 1113 1119 1178 undique
1144 1113 1241 1160 suis
1275 1112 1506 1160 militibus
1525 1150 1537 1174 ,
1562 1111 1652 1160 ob-

217 1205 424 1248 sessores
458 1207 734 1257 expugnare
766 1192 972 1256 aggressi
1007 1200 1152 1254 sunt3
1192 1201 1240 1241 et
1273 1191 1458 1256 impetu
1490 1189 1653 1240 valido

216 1283 349 1328 cum,
370 1269 419 1315 in
442 1267 604 1315 multis
627 1278 926 1316 armatorum
945 1267 1232 1332 agminibus,
1252 1267 1653 1332 Burgundionum

216 1345 579 1412 Anglorumque
603 1356 756 1394 castra
781 1356 973 1394 strenue
997 1345 1308 1406 invaderent,
1337 1345 1468 1393 caesis
1495 1362 1551 1392 ex
1585 1345 1653 1393 eis

217 1423 462 1489 plurimis,
498 1424 764 1490 fugatisque
791 1425 972 1473 caeteris
1004 1424 1264 1489 castrisque
1303 1424 1476 1483 exutis,
1515 1423 1654 1490 oppi-

218 1501 338 1551 dum
366 1503 468 1568 jam
504 1503 692 1551 diutina
727 1503 982 1551 obsidione
1015 1503 1262 1568 fatigatum
1297 1513 1346 1551 et
1375 1519 1566 1551 cassum
1601 1503 1651 1549 in

217 1596 356 1629 suam
375 1580 477 1646 jam
496 1581 809 1629 restituerunt
828 1581 1103 1629 libertatem
1119 1583 1148 1628 ¹.

282 1660 383 1707 Hac
425 1669 586 1707 autem
618 1660 884 1725 ignominia
923 1660 1209 1725 jacturaque
1246 1669 1491 1726 suscepta,
1539 1676 1653 1708 cum

216 1736 332 1791 urbs
351 1738 479 1802 regia
503 1739 795 1787 Parisiorum
823 1756 882 1787 ex
904 1739 1083 1787 vicinia
1107 1738 1358 1801 Latiniaci,
1381 1737 1551 1805 oppidi
1578 1752 1654 1786 su-

217 1833 305 1883 pra
320 1818 591 1865 Matr-onam
607 1817 788 1867 flumen
805 1818 884 1865 siti
899 1853 913 1877 ‚
933 1817 1096 1866 multis
1110 1817 1382 1866 afficeretur
1395 1816 1648 1879 molestiis,

219 1911 278 1944 ex
297 1905 452 1960 morte
465 1896 603 1944 dictae
623 1899 647 1943 J
651 1896 857 1945 ohannae
875 1884 1046 1944 Puellae
1067 1914 1173 1962 quae
1191 1906 1377 1945 tantum
1389 1913 1474 1944 eos
1496 1906 1651 1944 exter-

219 1984 401 2037 ruerat,
421 1975 621 2040 Anglici,
647 1974 826 2023 viribus
848 1985 1113 2040 utcumque
1135 1975 1407 2040 animisque
1428 1975 1650 2041 receptis,

220 2053 539 2104 decreverunt
566 2055 740 2104 urbem
761 2055 1065 2104 infestatione
1092 2055 1206 2104 dicti
1237 2055 1406 2121 oppidi
1427 2054 1648 2103 liberare.

220 2135 399 2183 Contra
420 2135 554 2199 quod
568 2144 723 2184 castra
751 2144 1008 2195 metantes,
1036 2135 1195 2200 ipsum
1211 2133 1370 2183 valida
1398 2133 1654 2181 obsidione

221 2213 491 2262 cinxerunt.
513 2216 722 2279 Eratque
745 2230 953 2280 praesens
969 2213 1020 2261 in
1039 2213 1209 2261 eadem
1226 2212 1323 2260 dux
1344 2211 1650 2274 Bethfordiae,

222 2291 306 2356 qui
329 2309 499 2356 regens
531 2308 614 2340 seu
643 2292 832 2340 vicerex
854 2295 889 2339 F
892 2292 1063 2340 ranciae
1089 2309 1179 2357 pro
1212 2291 1478 2355 Anglorum
1503 2291 1654 2357 parti-

223 2370 314 2419 bus
337 2370 601 2420 dicebatur.
632 2373 917 2436 Sategerunt
937 2381 1100 2419 autem
1118 2371 1302 2435 Anglici
1324 2371 1469 2419 variis
1497 2370 1655 2418 modis

224 2465 280 2497 ac
302 2449 701 2499 machinamentis
718 2461 773 2499 ut
796 2452 958 2517 ipsum
981 2450 1217 2516 oppidum
1240 2451 1286 2498 vi
1310 2450 1551 2515 armisque
1574 2466 1655 2497 ex-

225 2538 517 2593 pugnarent,
540 2530 685 2588 saxiS,
708 2531 928 2595 petrariis
947 2536 998 2594 ,et
1019 2529 1273 2577 tormentis
1291 2529 1533 2577 moenibus
1559 2538 1657 2574 tur-

227 2604 457 2670 ribusque
502 2608 973 2673 propugnaculisque
1011 2608 1206 2673 dejectis
1239 2625 1294 2658 ac
1330 2608 1517 2656 dirutis.
1565 2605 1658 2653 Sed

226 2681 330 2730 haec
363 2684 526 2732 omnia
553 2684 604 2731 in
637 2685 825 2733 irritum
862 2686 1042 2735 eisdem
1069 2696 1330 2735 cesserunt.
1368 2688 1658 2749 Quanquam

286 2863 325 2900 1.
356 2863 411 2900 Le
433 2862 483 2899 28
507 2861 665 2903 octobre
684 2866 802 2905 1430.
