2086 3528
524 364 573 400 96
904 363 1248 402 HISTORIARUM
1275 364 1456 402 CAROLI
1483 366 1553 402 V11

522 448 707 495 tamdiu
730 457 826 494 tam
846 449 1136 493 Francorum
1159 463 1305 510 quam
1324 447 1721 512 Burgundionum
1755 449 1942 498 animos

520 524 813 591 possederat,
832 533 886 570 ut
905 523 1077 571 exinde
1090 524 1236 571 totius
1254 541 1388 590 paene
1412 526 1548 590 regni
1563 526 1687 573 vires
1702 526 1874 585 attritae
1895 537 1943 576 et

521 602 777 668 deperditae
791 640 803 663 ,
825 601 1068 667 ipsiusque
1093 600 1248 649 totalis
1267 619 1400 667 paene
1425 603 1618 650 vastitas
1641 613 1688 650 et
1710 603 1940 654 desolatio

520 689 777 728 consecuta
811 688 990 739 essent,
1029 695 1130 726 sese
1168 678 1414 726 reflectens
1448 689 1497 727 et
1529 679 1774 746 applicans
1811 680 1942 731 idem

519 758 618 805 dux
641 757 898 816 Borbonii3
924 755 1066 804 simul
1093 756 1238 803 etiam
1258 765 1313 804 ut
1335 755 1425 804 sibi
1447 758 1680 823 terrisque
1702 758 1800 806 suis
1821 775 1940 808 con-

518 837 689 883 suleret
707 872 719 895 ,
766 851 885 900 quas
930 844 1099 882 contra
1141 833 1541 898 Burgundionum
1584 836 1708 885 vires
1749 835 1941 899 difficile

515 915 659 962 tutari
699 914 962 979 potuisset,
1006 912 1178 959 Carolo
1223 912 1323 975 regi
1354 913 1587 977 persuasit
1619 923 1697 976 ut,
1729 931 1820 980 pro
1853 931 1940 964 sua

516 993 746 1056 regnique
779 992 923 1039 totius
959 990 1159 1038 utilitate
1197 991 1515 1055 permaxima,
1552 991 1614 1038 ad
1643 991 1693 1039 id
1723 992 1940 1040 animum
1972 1040 1982 1050 ,

515 1069 764 1117 intendere
789 1068 931 1117 vellet
955 1078 1023 1128 ut,
1055 1068 1164 1115 licet
1188 1084 1319 1129 ser0,
1346 1068 1639 1133 quandoque
1665 1079 1826 1118 tamen
1854 1070 1938 1119 de-

515 1147 801 1194 solatissimo
835 1163 984 1210 regno
1017 1145 1078 1192 de
1102 1145 1265 1210 aliquo
1301 1146 1432 1210 pacis
1467 1145 1681 1194 remedio
1718 1148 1936 1201 consule-

515 1234 663 1272 retur.
709 1225 820 1271 Dies
864 1225 1025 1288 itaque
1071 1224 1356 1270 constitutus
1398 1223 1628 1288 locusque
1664 1225 1939 1274 Atrebatum

514 1312 808 1367 acceptatus,
832 1302 894 1350 ad
922 1319 1068 1367 quem
1098 1301 1238 1365 legati
1266 1301 1411 1365 regiS,
1436 1318 1548 1348 cum
1576 1301 1742 1366 legatis
1763 1303 1939 1369 Anglo-

514 1399 621 1428 rum
644 1382 846 1446 ipsoque
873 1380 1269 1445 Burgundionum
1301 1380 1446 1441 duce,
1473 1379 1535 1428 ad
1557 1380 1859 1429 tractandum
1879 1381 1940 1432 de

515 1476 632 1525 pace
654 1475 752 1507 una
775 1460 1107 1511 convenirent.
1135 1459 1207 1506 Ad
1241 1458 1490 1506 condictos
1523 1468 1689 1527 autem?
1717 1469 1766 1507 et
1796 1459 1940 1522 desti-

515 1548 654 1585 natos
686 1539 850 1585 locum
879 1547 926 1585 et
956 1537 1086 1585 diem
1119 1547 1451 1585 convenerunt
1474 1537 1614 1602 legati
1637 1537 1796 1586 Caroli
1816 1539 1940 1603 regis

515 1619 834 1675 Francorum,
855 1615 1074 1681 praesatus
1099 1615 1326 1662 Borbonii
1346 1615 1440 1661 dux
1454 1653 1465 1675 ,
1486 1616 1685 1663 comites
1703 1618 1940 1665 Dunensis

515 1703 561 1740 et
582 1693 970 1751 Vindocinensis‚
994 1709 1105 1739 cum
1129 1691 1347 1758 pluribus
1369 1692 1471 1740 aliis
1489 1693 1601 1740 viris
1624 1695 1809 1758 magnis
1838 1704 1939 1743 tam

514 1770 815 1818 ecclesiastici
839 1770 1021 1818 ordinis
1054 1787 1200 1835 quam
1228 1770 1461 1818 saecularis
1484 1781 1653 1832 status,
1678 1789 1792 1820 cum
1813 1783 1938 1823 trac—

514 1849 677 1908 tandi,
734 1848 1063 1914 componendi
1122 1848 1504 1914 pacificandique
1562 1867 1672 1898 cum
1722 1851 1938 1917 partibus

516 1929 726 1992 utrisque
745 1938 839 1974 tam
862 1927 1126 1990 Anglorum
1145 1945 1292 1992 quam
1308 1928 1703 1993 Burgundionum
1725 1930 1937 1996 plenaria

510 2015 760 2071 potestate.
800 2007 1185 2069 Comparuerunt
1217 2014 1262 2052 et
1293 2004 1387 2052 illic
1425 2004 1586 2070 plures
1615 2007 1856 2073 principes
1889 2018 1937 2056 et

509 2083 690 2148 praelati
713 2083 846 2146 regni
872 2082 1065 2146 Angliae,
1089 2083 1197 2146 jura
1230 2082 1279 2129 in
1313 2099 1460 2147 regno
1490 2086 1782 2131 Francorum
1814 2101 1934 2150 prae·

510 2170 645 2208 tensa
670 2177 875 2225 suasque
907 2170 1087 2226 partes,
1113 2171 1166 2208 ut
1189 2160 1358 2207 melius
1381 2171 1600 2226 possent,
1627 2163 1858 2219 servaturi
1879 2180 1934 2212 ac

509 2239 766 2286 defensuri.
981 2282 985 2285 ,

573 2319 624 2363 In
667 2315 861 2381 propria
901 2325 1061 2362 autem
1103 2331 1311 2380 persona
1349 2315 1485 2363 affuit
1523 2316 1618 2365 illic
1657 2317 1929 2386 Philippus,

508 2393 902 2458 Burgundionum
925 2393 1045 2453 dux,
1073 2410 1185 2440 cum
1205 2393 1365 2441 multis
1389 2394 1693 2459 praelatorum
1723 2406 1770 2446 et
1799 2398 1932 2464 prin—

507 2473 667 2536 cipum
696 2472 1008 2534 virorumque
1036 2470 1271 2518 nobilium
1303 2482 1349 2518 et
1382 2474 1651 2537 potentium
1677 2475 1932 2541 magnifico

507 2550 763 2608 comitatu,
798 2550 846 2596 in
880 2548 1091 2596 donariis
1123 2558 1265 2614 atque
1292 2550 1517 2615 impensis
1552 2561 1598 2598 et
1629 2553 1933 2619 apparatibus

504 2628 645 2675 variis
671 2626 910 2691 magnifici
933 2627 1160 2693 principis
1182 2627 1412 2676 exhibens
1430 2630 1742 2694 majestatem.
1772 2631 1930 2681 Affue-

506 2714 617 2751 runt
635 2715 682 2752 et
701 2704 760 2752 ad
781 2714 1074 2753 conventum
1100 2703 1235 2751 illum
1259 2707 1644 2755 reverendissimi
1666 2725 1722 2757 ac
1743 2709 1932 2775 praecla-

505 2783 675 2830 rissimi
700 2782 806 2842 viri,
830 2781 1026 2829 scientia
1045 2781 1399 2846 virtutibusque
1418 2784 1666 2848 insigniter
1687 2786 1924 2849 adornati,

505 2860 758 2908 cardinalis
775 2863 958 2908 Sanctae
970 2860 1150 2921 Crucis,
1172 2861 1483 2910 Cartusiensis
1503 2862 1680 2928 regulae
1697 2874 1745 2913 et
1763 2864 1926 2914 obser-

2075 1779 2086 1853 μ’ἑ-Α
2072 1726 2086 1774 b:-
2079 1690 2082 1692 ⁴
2078 1662 2080 1666 ν

2082 2276 2086 2289 -
2076 2211 2086 2245 ,ω
2072 2116 2086 2194 -..”ῑ-1..
2072 2042 2086 2102 ..fi'n
2073 2013 2086 2033 ξ·
2071 1987 2076 2002 ’“
