2086 3528
558 332 633 369 196
941 330 1282 383 HISTORIARUM
1309 331 1489 370 CAROLI
1513 332 1583 368 VII

555 411 693 460 valde
709 450 721 469 ,
746 411 929 459 habens
949 428 1137 476 semper
1158 413 1512 460 multitudinem
1538 412 1789 460 satellitum
1808 412 1858 459 in
1880 410 1971 459 hu-

551 489 818 553 juscemodi
845 489 1063 537 nefandis
1088 489 1268 537 artibus
1293 501 1435 556 atque
1465 491 1696 538 exercitiis
1724 477 1975 538 eisecran-

554 567 628 615 dis
666 576 918 614 assuetam.
955 566 1050 614 Sed
1084 583 1195 614 cum
1231 567 1360 615 idem
1389 569 1693 627 Franciscus‚
1733 577 1788 614 ut
1827 566 1972 632 huJus

554 644 710 692 saeculi
730 661 938 710 nequam
960 644 1084 692 filius
1100 683 1113 707 ‚
1139 645 1299 692 multis
1321 645 1426 694 filiis
1447 646 1565 694 lucis
1595 648 1644 694 in
1672 646 1766 694 hac
1790 654 1972 694 morta-

551 723 669 770 lium
696 723 1122 786 generationesua
1158 724 1356 771 astutior
1387 741 1467 772 seu
1497 725 1780 790 prudentior
1814 733 1970 785 esset,-

549 801 691 865 hujus
723 801 945 867 patrandi
975 802 1162 849 sceleris
1196 818 1296 849 non
1326 812 1435 850 ante
1463 819 1633 850 ausum
1661 803 1711 850 in
1747 819 1797 849 se
1821 799 1974 850 voluit

552 895 792 927 assumere
807 918 819 941 ,
848 896 994 944 quam
1014 879 1219 926 aliorum
1240 879 1512 945 principum
1537 879 1734 945 Angliae,
1761 879 1844 945 qui
1867 888 1972 926 tum

551 957 600 1003 in
626 957 863 1022 praecipua
892 958 1171 1004 auctoritate
1195 973 1304 1020 erga
1333 973 1494 1020 regem
1517 958 1776 1022 Anglorum
1801 965 1939 1004 erant
1959 993 1972 1018 ,

550 1049 796 1081 assensum
822 1033 1022 1081 haberet
1063 1044 1110 1081 et
1145 1044 1452 1100 praeceptum.
1503 1034 1765 1082 Verebatur
1803 1034 1973 1093 enim',

549 1111 959 1176 quemadmodum
981 1122 1282 1178 compertum
1306 1122 1391 1172 est,
1416 1129 1478 1159 ne
1494 1128 1552 1159 ex
1568 1111 1663 1159 hoc
1686 1111 1843 1159 totalis
1862 1129 1975 1178 rup-

550 1199 657 1237 tura
692 1199 964 1254 treugarum
1010 1191 1333 1254 contingeret3
1380 1190 1515 1253 cujus
1560 1189 1672 1237 mali
1707 1206 1830 1237 onus
1871 1188 1976 1237 cul·

548 1285 757 1333 pamque
785 1267 876 1315 sibi
909 1269 999 1316 soli
1041 1269 1251 1316 adscribi
1287 1267 1632 1316 rationabiliter
1671 1267 1972 1316 formidabat.
2001 1304 2004 1306 -

546 1349 670 1394 Cum
694 1362 808 1393 vero
838 1363 1006 1394 omnes
1039 1346 1300 1410 Anglorum
1333 1363 1558 1411 proceres
1590 1345 1845 1393 consilium
1878 1345 1979 1393 lau-

550 1424 815 1483 davissent,
845 1434 891 1472 et
922 1442 1011 1490 pro
1043 1441 1097 1471 ea
1130 1441 1182 1471 re
1206 1424 1364 1471 eidem
1388 1424 1525 1471 militi
1550 1440 1658 1471 suas
1686 1424 1865 1471 litteras
1895 1423 1981 1471 de-

550 1503 731 1550 dissent
747 1505 776 1562 ¹‚
800 1503 861 1550 ad
884 1503 1231 1568 perficiendum
1267 1520 1390 1568 opus
1428 1502 1707 1566 hujusmodi
1732 1501 2000 1566 vigilanter'

555 1580 792 1628 incubuit.
1276 1628 1277 1631 ,
1312 1620 1314 1622 ψ

621 1660 822 1722 Accepta
847 1657 1008 1721 itaque
1034 1657 1288 1704 satellitum
1310 1657 1560 1705 sufficienti
1587 1658 1648 1705 ad
1676 1658 1772 1705 hoc
1806 1674 1977 1719 manu,

557 1751 667 1782 cum
693 1751 850 1798 neque
882 1735 1131 1782 Britanniae
1164 1735 1291 1794 dux,
1330 1751 1486 1799 neque
1518 1745 1752 1782 terrarum
1788 1751 1982 1783 suarum

559 1812 729 1860 accolae
761 1811 854 1858 tale
893 1812 1073 1876 aliquid
1114 1812 1327 1858 futurum
1357 1812 1598 1860 ullatenus
1632 1813 1984 1879 suspicarentur

560 1890 705 1953 (nam
737 1899 910 1953 treugae
949 1890 1190 1954 generales
1226 1889 1511 1950 currebant,
1546 1891 1677 1939 factae
1707 1901 1755 1939 et
1787 1890 1984 1940 firmatae

563 1968 685 2014 inter
709 1984 841 2029 reges
863 1977 910 2014 et
926 1983 1072 2030 regna
1087 1966 1294 2014 Franciae
1317 1977 1362 2013 et
1386 1968 1576 2031 Angliae,
1599 1985 1862 2033 eorumque
1884 1968 1985 2015 uni-

622 2121 658 2155 1.
682 2136 698 2151 «
712 2120 789 2156 Nec
804 2118 978 2156 funestus
991 2117 1063 2168 iste
1081 2116 1212 2169 praedo
1225 2116 1371 2167 absque
1382 2117 1492 2165 jussu
1508 2129 1667 2155 suorum
1682 2116 1871 2165 majorum
1886 2108 1984 2155 hanc

565 2177 756 2231 perditam
793 2177 968 2227 rapinam
1003 2176 1176 2214 exercuit
1210 2191 1219 2213 ;
1250 2175 1355 2226 quod
1386 2175 1522 2214 fraude
1557 2183 1596 2213 et
1627 2175 1718 2214 dolo
1755 2173 1986 2215 absconsum

567 2247 718 2277 nostros
751 2237 946 2290 principes
975 2235 1130 2275 latebat.
1154 2239 1298 2274 Verum
1324 2244 1457 2287 postea
1490 2235 1552 2273 hic
1586 2234 1761 2284 deditus,
1792 2235 1986 2284 obJectum

567 2300 706 2353 praedae
731 2299 891 2352 privatae
926 2298 1072 2337 crimen
1115 2297 1286 2344 diluens,
1323 2295 1484 2348 publicis
1513 2295 1751 2334 documentis
1777 2295 1936 2335 detexit.
1966 2313 1984 2330 »ι

568 2360 740 2409 (Robert
772 2359 959 2406 Blondel‚
991 2361 1160 2397 Assertio
1194 2360 1456 2403 Normanniae,
1487 2355 1514 2394 1.
1540 2359 1579 2401 1,
1615 2369 1649 2393 c.
1680 2353 1733 2408 1).
1768 2358 1824 2394 La
1854 2355 1990 2394 conni-

569 2435 690 2460 vence
710 2420 762 2459 du
783 2412 1088 2473 gouvernement
1113 2417 1260 2470 anglais
1279 2425 1334 2455 est
1353 2429 1494 2454 encore
1516 2415 1645 2454 mieux
1666 2413 1805 2453 etablie
1823 2427 1894 2467 par
1913 2427 1990 2454 une

570 2483 735 2532 enqucte
753 2493 829 2531 que
850 2479 1069 2518 Guillaume
1088 2476 1276 2515 Jouvenel
1300 2475 1366 2514 des
1384 2475 1521 2514 Ursins
1547 2476 1603 2512 sut
1622 2474 1765 2528 charge
1788 2473 1836 2513 de
1854 2473 1949 2513 faire
1967 2474 1989 2512 a

570 2544 707 2580 Rouen
729 2542 752 2578 a
769 2540 806 2578 la
824 2540 876 2578 fin
896 2539 944 2577 de
962 2538 999 2576 la
1021 2539 1144 2575 meme
1164 2536 1287 2575 annee
1318 2537 1432 2573 1449.
1463 2537 1522 2572 On
1547 2548 1573 2585 y
1593 2534 1765 2573 entendit
1785 2534 1907 2572 douze
1931 2533 1990 2572 te-

571 2601 697 2640 moins
714 2630 724 2649 ,
745 2601 870 2653 parmi
888 2598 1055 2650 lesquels
1074 2596 1345 2646 l’archeveque
1366 2594 1413 2633 de
1435 2597 1588 2643 Bone—n,
1610 2593 1733 2633 Raoul
1749 2593 1933 2642 Rousseh
1953 2591 1990 2631 le

574 2661 754 2699 tresorier
777 2659 824 2698 de
848 2659 886 2697 la
919 2657 1162 2698 cathedrale,
1195 2655 1372 2706 philippe
1411 2654 1458 2691 de
1488 2653 1525 2691 la
1561 2656 1687 2702 Rose3
1719 2651 1888 2692 Richard
1914 2663 1988 2691 aux

574 2719 786 2772 Espoules‚
815 2718 971 2769 iwuyer,
1001 2726 1074 2756 etc.
1109 2714 1316 2766 L'original
1343 2714 1450 2766 signe
1482 2713 1530 2751 de
1556 2713 1659 2751 deux
1695 2711 1863 2751 notaires
1891 2721 1991 2762 apo·

576 2780 759 2832 stoliques
787 2778 907 2818 existe
934 2777 1030 2817 dans
1056 2777 1091 2815 le
1119 2776 1274 2814 volume
1307 2783 1349 2813 n⁰
1378 2776 1453 2813 772
1481 2774 1529 2813 de
1556 2778 1619 2813 Du
1641 2777 1740 2825 Puy,
1772 2775 1794 2814 ὲ
1825 2772 1862 2812 la
1888 2769 1985 2814 Bibl.

575 2839 793 2891 Imperiale.

2068 463 2086 491 'C
