2086 3528
513 370 589 405 264
898 367 1241 405 HISTORIARUM
1268 369 1449 406 CAROLI
1476 369 1547 406 VII

511 452 625 498 citio
677 450 952 513 hujusmodi
1004 449 1363 510 machinarum,
1413 460 1557 515 atque
1599 451 1648 497 in
1695 452 1764 499 eis
1805 468 1930 499 con-

514 529 757 575 venienter
806 526 1116 585 ordinandis,
1174 527 1312 575 valde
1356 528 1616 575 industrius
1660 538 1707 576 et
1752 530 1930 594 peritus

512 615 640 663 erat,
683 614 732 650 ut
766 614 879 669 pote
921 605 1004 668 qui
1043 604 1140 667 jam
1182 621 1268 668 per
1309 621 1462 652 annos
1490 606 1750 671 plurimos,
1786 603 1929 654 etiam

511 682 602 729 sub
641 682 900 745 Anglorum
941 682 1131 728 servitio
1166 692 1213 728 et
1247 681 1457 742 ditione,
1494 683 1576 730 tali
1604 682 1766 730 officio
1797 683 1931 732 incu-

512 760 698 807 buerat.
732 759 882 823 Hujus
913 760 1053 823 igitur
1075 759 1303 806 industria
1327 761 1438 817 viri,
1464 770 1615 808 castra
1637 764 1930 809 Francorum
1958 762 1963 769 ’

514 837 694 884 munita
715 836 977 884 admodum
1002 837 1298 896 exstiterunt,
1319 847 1365 884 et
1390 837 1569 884 eisdem
1591 839 1675 902 qui
1694 839 1742 885 in
1766 839 1931 887 castris

514 926 649 964 erant
673 915 900 962 militibus
924 915 1185 980 plurimum
1208 916 1356 962 animi
1380 915 1661 979 fiduciaeque
1685 916 1926 978 additum,

513 994 647 1059 quod
689 993 749 1040 ab
781 992 1001 1039 hostibus
1036 993 1296 1057 expugnari
1330 1003 1480 1040 castra
1513 993 1784 1041 nullatenus
1814 1011 1929 1059 pos-

513 1083 635 1119 sent.

580 1151 671 1198 Sed
715 1166 820 1197 eam
865 1153 1155 1198 Francorum
1202 1149 1483 1196 industriam
1523 1159 1666 1215 atque
1707 1149 1931 1199 fiduciam

514 1229 632 1276 nihil
672 1238 754 1274 aut
788 1244 957 1292 parum
992 1226 1374 1273 animadvertens
1409 1226 1564 1273 dictus
1605 1227 1832 1275 dominus
1870 1228 1931 1276 de

521 1305 735 1363 Talebot,
779 1305 861 1368 qui
898 1313 1092 1369 propter
1129 1303 1201 1350 sui
1242 1312 1471 1351 terrorem
1518 1305 1748 1365 nominis,
1799 1305 1932 1369 quod

515 1384 665 1431 multa
688 1382 776 1429 sibi
800 1382 948 1428 fauste
974 1391 1115 1445 atque
1142 1381 1337 1427 feliciter
1359 1382 1692 1446 provenissent
1719 1382 1768 1429 in
1793 1384 1934 1431 variis

514 1461 678 1518 bellis,
723 1459 829 1524 plus
867 1459 912 1504 in
952 1457 1164 1504 hostium
1208 1457 1397 1519 ignavia
1432 1468 1575 1521 atque
1610 1458 1747 1522 fuga,
1787 1466 1933 1523 quam

515 1539 576 1586 de
610 1537 814 1603 propriis
855 1534 1129 1582 confidebat
1166 1534 1347 1581 viribus
1369 1572 1381 1594 ‚
1425 1552 1525 1583 non
1571 1537 1682 1583 satis
1718 1536 1932 1586 discusso

516 1627 659 1681 atque
689 1614 959 1662 examinato
983 1616 1275 1660 Francorum
1310 1614 1602 1674 munimine,
1647 1614 1843 1662 eosdem
1881 1615 1930 1663 in

516 1694 612 1742 suis
652 1691 843 1756 aggredi
873 1690 1036 1739 castris
1068 1699 1246 1737 temere
1269 1690 1473 1738 nimium
1495 1701 1637 1757 atque
1665 1692 1935 1741 inconsulte

517 1772 744 1820 decrevit.
791 1770 959 1817 Exiens
991 1770 1131 1834 igitur
1168 1769 1428 1833 Burdegala
1466 1787 1578 1818 cum
1607 1772 1768 1820 multis
1800 1773 1934 1838 equi-

514 1862 620 1899 tum
643 1860 786 1913 atque
815 1848 1031 1914 peditum
1062 1858 1158 1895 tam
1196 1848 1455 1911 Anglorum
1482 1866 1628 1914 quam
1659 1852 1932 1898 Vasconum

515 1928 746 1989 millibus,
781 1944 972 1974 versum
1000 1927 1180 1974 dictum
1216 1927 1512 1975 Castellionis
1534 1938 1739 1976 castrum
1771 1928 1933 1978 obses-

513 2024 619 2055 sum
647 2006 839 2054 concito
869 2005 1018 2068 gradu
1048 2006 1136 2052 iter
1157 2022 1298 2052 suum
1323 2005 1508 2052 direxit.
1536 2008 1644 2063 Quo
1672 2023 1783 2053 cum
1811 2015 1930 2054 tem-

512 2085 692 2150 pestive
724 2084 858 2141 satis,
898 2099 986 2147 pro
1018 2083 1090 2129 sui
1125 2081 1323 2128 fervoris
1356 2092 1499 2146 atque
1533 2083 1810 2131 temeritatis
1842 2083 1931 2130 im-

511 2172 624 2228 petu
640 2200 651 2223 ,
669 2171 1009 2226 perventurum
1029 2176 1079 2207 se
1098 2160 1293 2206 minime
1310 2159 1549 2219 crederet,
1567 2177 1678 2207 cum
1693 2159 1933 2225 equitibus

511 2240 607 2286 suis
650 2238 891 2303 pedestres
926 2253 1033 2284 suas
1070 2237 1235 2302 copias
1275 2247 1321 2283 et
1363 2236 1605 2284 machinas
1645 2254 1752 2285 suas
1789 2248 1932 2303 atque

513 2327 768 2383 apparatus
782 2315 978 2362 bellicos
991 2314 1304 2379 praecedebat.
1326 2317 1561 2378 Cumque,
1579 2315 1628 2362 in
1645 2315 1755 2363 loco
1768 2316 1932 2363 castris

510 2398 801 2442 Francorum
850 2393 958 2439 satis
1007 2393 1161 2439 vicino
1184 2429 1195 2450 ,
1254 2393 1527 2439 francorum
1579 2394 1931 2456 sagittariorum

509 2473 696 2520 circiter
747 2470 1121 2535 quadringentos
1170 2469 1472 2529 offendisset,
1520 2471 1623 2517 sine
1673 2471 1837 2518 castris
1877 2481 1933 2524 ,et

510 2549 701 2596 militari
747 2547 993 2612 disciplina
1039 2556 1316 2609 evagantes,
1360 2564 1443 2594 eos
1491 2550 1709 2613 protinus
1751 2548 1932 2615 absque

509 2627 703 2691 negotio
726 2632 975 2691 superatos
990 2662 1001 2681 ‚
1028 2640 1196 2670 omnes
1219 2625 1458 2671 exstinxit.

573 2707 683 2763 Quo
715 2712 866 2768 caepto
895 2701 1024 2749 velut.
1057 2702 1225 2748 suturae
1261 2703 1472 2750 victoriae
1506 2703 1654 2750 elatus
1688 2705 1927 2770 auspicio,

506 2799 618 2830 cum
643 2782 789 2847 paulo
814 2791 922 2846 post
944 2797 969 2827 a
990 2779 1131 2843 longe
1156 2781 1473 2845 prospexisset
1500 2782 1741 2845 ingentem
1765 2782 1929 2848 pulve-

502 2877 607 2907 rem
630 2859 775 2907 veluti
800 2859 1027 2907 nebulam
1047 2859 1283 2906 elevatum
1305 2861 1431 2922 (erat
1453 2860 1580 2907 enim
1610 2869 1797 2925 tempus
1823 2859 1930 2926 plu-
