2086 3528
663 374 806 411 mmm
842 373 1085 421 QUARTUS.
1508 377 1575 414 ¹61

601 654 799 706 LIBER
838 653 1161 714 QUARTUS.

818 827 957 835 -—-—-

566 947 906 993 CAP1TULUM
940 948 1188 1010 PRIMUM.

179 1091 196 1118 ⁴5¹
233 1089 373 1134 Quanta
386 1089 515 1137 laetitia,
532 1089 661 1137 treugis
676 1089 788 1138 factis,
805 1102 927 1125 omnes
946 1090 1139 1127 Galliarum
1153 1093 1308 1141 populos
1324 1093 1533 1142 perfuderit.

242 1218 391 1267 Factis
424 1218 568 1282 igitur
602 1227 648 1265 et
675 1216 968 1265 confirmatis
1005 1220 1180 1284 treugis
1219 1220 1344 1268 inter
1373 1238 1506 1286 reges
1547 1232 1595 1270 et

180 1313 327 1363 regna
349 1296 595 1360 utriusque
627 1296 800 1361 partiS‚
832 1296 1189 1360 comprehensis
1213 1297 1474 1358 foederatis,
1507 1317 1594 1364 po-

181 1374 322 1442 pulos
345 1373 606 1422 Galliarum
635 1374 866 1420 immensa
888 1383 962 1433 et,
989 1391 1092 1439 quae
1118 1375 1195 1422 vix
1217 1375 1378 1422 referri
1408 1378 1584 1441 possit,

179 1453 337 1503 laetitia
359 1451 585 1518 perfudit.
614 1454 736 1498 Cum
758 1452 888 1499 enim
910 1451 999 1499 sub
1023 1454 1206 1517 magnis
1235 1453 1414 1518 ubique
1436 1464 1588 1502 terro-

181 1531 315 1580 ribus
337 1540 384 1579 et
410 1529 628 1595 periculis
650 1530 771 1578 infra
795 1529 990 1577 urbium
1023 1541 1169 1595 atque
1193 1532 1486 1596 oppidorum
1511 1550 1593 1580 seu

182 1609 508 1675 munitionum
540 1624 733 1654 suarum
767 1608 944 1655 moenia
979 1607 1243 1655 diutissime
1268 1609 1441 1671 clausi,
1467 1611 1597 1658 velut

182 1686 232 1734 in
262 1701 499 1734 carcerem
533 1684 768 1743 damnati,
794 1684 972 1748 absque
996 1684 1095 1731 ullo
1118 1701 1252 1749 paene
1281 1685 1452 1733 solatio
1478 1687 1595 1735 deli-

183 1764 407 1823 tuissent,
438 1763 608 1810 miram
631 1762 808 1810 eisdem
841 1762 1067 1810 afferebat
1090 1764 1323 1825 laetitiam,
1358 1765 1491 1829 quod
1515 1783 1595 1814 ve-

182 1843 270 1891 luti
291 1859 318 1890 e
340 1842 487 1906 longo
511 1851 557 1889 et
575 1851 698 1889 tetro
722 1857 908 1889 carcere
933 1841 981 1888 in
1001 1841 1270 1889 libertatem
1292 1859 1343 1889 se
1361 1843 1594 1891 adductos

185 1930 326 1986 atque
351 1920 591 1967 restitutos
619 1935 677 1966 ex
707 1919 957 1966 durissima
976 1919 1198 1966 servitute
1223 1919 1590 1970 arbitrabantur.

116 2054 118 2056 v
185 1997 481 2046 Videbantur
519 2012 606 2062 per
639 2006 818 2043 turmas
850 1997 974 2043 cives
1010 1996 1254 2061 utriusque
1288 2014 1454 2058 sexus,
1494 2009 1595 2047 tau-

186 2095 330 2145 quam
363 2095 390 2126 e
417 2077 680 2125 saevissimis
710 2075 1068 2142 tempestatibus
1091 2077 1252 2124 salvati
1288 2088 1336 2125 et
1364 2081 1592 2143 protecti,

186 2177 243 2208 ex
278 2158 545 2207 civitatibus
569 2166 712 2221 atque
743 2155 931 2221 oppidis
963 2156 1109 2216 exire,
1136 2166 1188 2203 ut
1214 2156 1388 2221 templa
1420 2160 1595 2207 summi

188 2238 274 2285 Dei
284 2254 302 2297 ‚'
317 2236 395 2285 vel
418 2237 468 2284 in
489 2235 726 2283 honorem
751 2233 967 2298 gloriosae
988 2234 1075 2280 Dei
1094 2234 1344 2281 Genitricis
1362 2234 1433 2282 vel
1453 2238 1595 2284 Sanc-

189 2325 350 2363 torum
382 2313 619 2373 dedicata,
648 2323 695 2360 et
717 2311 987 2359 devotionis
1010 2312 1217 2358 oratoria
1235 2349 1246 2371 ‚
1274 2329 1360 2376 per
1388 2312 1594 2363 diversas

189 2391 457 2459 provincias
484 2399 531 2437 et
556 2389 682 2451 loca,
715 2389 953 2437 visitatum
984 2400 1257 2454 pergerent,
1284 2399 1330 2436 et
1361 2407 1464 2454 quae
1492 2394 1594 2439 Deo

191 2474 240 2520 in
263 2472 358 2520 suis
378 2480 608 2518 voverant
627 2470 851 2535 angustiis
875 2479 1016 2535 atque
1039 2469 1421 2531 necessitatibus,
1450 2471 1599 2519 fideli-

193 2561 264 2599 ter
299 2549 638 2616 persolverent.
675 2549 819 2607 Quod
853 2549 1031 2596 nedum
1066 2565 1094 2596 a
1127 2548 1310 2596 civibus
1343 2559 1389 2597 et
1427 2551 1598 2598 inermi

194 2627 522 2687 multitudine,
559 2643 723 2674 verum
761 2627 902 2674 etiam
938 2643 965 2674 a
1005 2627 1116 2673 viris
1157 2626 1465 2687 militaribus,
1503 2637 1599 2675 tam

195 2705 385 2753 Francis
414 2721 558 2769 quam
579 2703 807 2767 Anglicis,
835 2704 1046 2752 similiter
1076 2703 1234 2751 fiebat.
1269 2704 1470 2751 Juvabat
1492 2722 1603 2753 eva—

197 2783 310 2830 sisse
335 2792 405 2830 tot
426 2780 632 2847 pericula
665 2791 805 2846 atque
836 2791 989 2828 metus
1019 2781 1108 2830 sub
1138 2781 1311 2846 quibus
1342 2781 1555 2846 plerique
1577 2800 1606 2830 a

198 2861 399 2926 pueritia
427 2859 487 2907 ad
518 2875 663 2907 canos
685 2876 835 2923 usque
864 2868 1251 2924 senectutemque
1275 2870 1606 2925 pervenerant.

305 2952 320 2977 1
1405 2938 1449 2975 11
