2086 3528
459 380 535 418 998
838 377 1183 415 HISTORIARUM
1210 375 1394 415 CAROLI
1421 376 1492 416 VII

457 476 563 526 quae
578 461 720 526 longe
738 459 919 524 majore
942 477 997 507 ex
1021 470 1154 526 parte
1177 461 1382 507 Henrico
1401 462 1495 525 regi
1517 461 1728 522 favebat,
1749 472 1878 508 exer-

457 541 605 587 citum
638 537 851 586 validum
880 547 1161 602 coegerunt3
1187 552 1298 584 cum
1321 555 1420 603 quo
1450 539 1745 587 adversarios
1767 551 1879 605 pro,-

457 626 738 681 sequentes‚
771 616 926 680 prima
958 616 1061 662 vice
1095 616 1143 661 in
1182 628 1344 663 mense
1373 616 1642 679 Januario¹,
1669 616 1881 664 secunda

458 694 558 740 vice
581 693 630 739 in
667 710 830 740 mense
854 692 1142 752 februario²,
1170 701 1339 740 contra
1373 693 1501 758 ipsos
1523 694 1774 741 seditiosos
1806 693 1880 740 di-

456 772 716 834 micarunt3
750 772 798 818 in
836 771 1009 836 quibus
1039 770 1231 818 duobus
1266 772 1436 836 praeliis
1467 773 1697 820 Henricus
1729 782 1779 820 et
1805 773 1877 820 sui

455 851 595 914 potiti
618 859 730 896 sunt
752 849 972 909 victoria,
1004 848 1116 895 susis
1148 847 1368 895 hostibus
1393 859 1439 896 et
1475 849 1633 896 multis
1669 849 1878 899 millibus

455 943 511 974 ex
534 927 645 992 ipsis
673 926 986 991 interemptis.
1014 925 1297 973 Ceciderunt
1319 926 1369 973 in
1391 926 1668 990 hujusmodi
1686 927 1878 975 duobus
1912 927 1917 929 ’

455 1004 624 1068 praeliis
650 1004 870 1070 praefatus
907 1004 1108 1050 Eboraci
1143 1002 1240 1050 dux
1277 1013 1323 1051 et
1363 1017 1524 1051 comes
1560 1004 1620 1052 de
1652 1006 1877 1053 Warwick

455 1083 652 1142 senior-³,
689 1099 772 1129 seu
806 1082 932 1147 capti
960 1082 1009 1128 in
1045 1081 1273 1128 conflictu
1310 1082 1562 1147 statimque
1589 1088 1699 1147 post
1723 1083 1878 1149 capite

440 1164 443 1166 “
457 1160 584 1224 plexi
605 1169 716 1207 sunt
733 1162 763 1207 ¹⁶.

520 1237 706 1295 Quibus
728 1254 841 1284 cum
862 1236 1223 1285 Londonienses
1244 1254 1354 1284 cum
1372 1237 1565 1303 populis
1582 1234 1759 1285 Cantiae
1776 1236 1876 1284 Pau-

454 1325 582 1362 tores
605 1316 916 1375 exstitissent,
942 1315 1114 1362 talibus
1138 1315 1351 1363 cladibus
1382 1315 1637 1380 susceptis,
1663 1314 1753 1380 ipsi
1778 1322 1879 1362 ten-

455 1403 615 1440 tarunt
633 1393 692 1440 ad
717 1394 838 1456 regis
861 1403 908 1440 et
930 1393 1103 1456 reginae
1127 1393 1328 1456 gratiam
1350 1392 1530 1452 redire3
1557 1402 1604 1439 et
1628 1391 1690 1439 de
1712 1392 1879 1439 'erratis

454 1471 696 1536 supplices
724 1471 914 1518 veniam
947 1472 1271 1536 postulantes,
1300 1470 1622 1518 obedientiam
1655 1478 1701 1517 et
1732 1468 1878 1516 fidem

453 1548 503 1594 in
542 1558 681 1595 antea
711 1548 1064 1613 pollicebantur
1094 1548 1180 1614 [se]
1222 1548 1426 1596 fideliter
1463 1557 1749 1595 servaturos.
1785 1540 1878 1594 Sed

454 1642 565 1671 cum
588 1626 751 1690 regina
773 1626 923 1673 dandi
947 1625 1310 1689 indulgentiam,
1335 1642 1481 1690 quam
1505 1623 1754 1688 rogabant,
1778 1635 1878 1672 non

454 1702 571 1749 nihil
601 1703 892 1750 difficultatis
920 1714 966 1750 et
995 1703 1331 1751 retardationis
1357 1704 1560 1764 faceret,
1598 1702 1699 1766 ejus
1732 1700 1878 1750 iidem

454 1780 622 1845 populi
658 1781 1095 1844 magnanimitatem
1133 1792 1275 1846 atque
1314 1782 1542 1829 saevitiam
1578 1788 1874 1840 metuentes,

454 1858 515 1905 de
535 1859 755 1923 cogendo
773 1860 945 1907 iterum
967 1861 1149 1923 majore
1171 1860 1398 1920 exercitu,
1415 1869 1462 1906 et
1485 1868 1693 1907 extrema
1715 1858 1879 1906 omni-a

453 1937 773 2001 pertentando
808 1939 1062 1985 consilium
1100 1948 1405 2004 acceperunt.
1437 1941 1608 1985 Fuerat
1639 1938 1767 1985 enim
1799 1947 1878 1986 ea-

454 2014 566 2061 dem
586 2017 764 2079 regina,
788 2017 836 2063 in
862 2017 963 2081 ipsa
988 2016 1347 2065 Londoniarum
1369 2015 1509 2076 urbe,
1533 2033 1619 2081 per
1635 2016 1877 2080 Junior‘em

454 2096 680 2141 comitem
721 2094 781 2141 de
818 2095 1045 2142 W'arvick
1087 2105 1133 2142 et
1179 2112 1291 2142 suos
1336 2094 1562 2154 asseclas,
1603 2092 1791 2159 probris
1831 2101 1878 2140 et

454 2171 756 2218 contumeliis
799 2173 1103 2219 atrocissimis
1141 2172 1356 2219 lacessita
1380 2209 1392 2233 ‚
1434 2181 1479 2218 et
1520 2171 1722 2232 talibus,
1772 2186 1878 2236 quae

453 2251 640 2298 animos
676 2251 910 2298 nobilium
949 2252 1254 2299 foeminarum
1295 2252 1499 2299 maxime
1531 2250 1756 2315 injuriare
1797 2265 1876 2298 so-

454 2328 569 2376 lent.
603 2328 898 2376 Publicatum
925 2331 1053 2377 enim
1078 2339 1125 2377 et
1149 2331 1323 2395 passim
1348 2329 1408 2377 de
1437 2344 1493 2376 ea
1515 2328 1878 2378 disseminatum

510 2476 527 2511 1
540 2503 548 2511 .
581 2473 741 2512 Bataille
761 2473 807 2512 de
827 2474 1037 2512 Wakefield
1051 2503 1062 2522 ‚
1085 2476 1135 2513 30
1156 2472 1362 2512 de'cembre
1382 2475 1500 2513 1460.

509 2535 548 2572 2.
579 2533 737 2572 Bataille
759 2534 809 2572 de
829 2534 1100 2584 Saint-Alban,
1123 2537 1170 2572 17
1192 2534 1335 2572 sevrier
1354 2535 1473 2572 1461.

511 2596 547 2632 3.
578 2593 762 2632 L’auteur
786 2603 878 2632 veut
902 2594 1031 2645 parler
1059 2594 1107 2632 de
1131 2594 1298 2632 Ricliard
1321 2593 1447 2632 Nevill
1476 2594 1511 2632 le
1536 2593 1653 2632 vieux
1668 2623 1679 2641 ‚
1706 2595 1800 2646 pere
1825 2593 1892 2644 du*

456 2660 580 2691 comte
599 2651 647 2691 de
663 2653 852 2691 Warwick
865 2684 874 2700 ‚
898 2654 993 2691 mais
1009 2653 1076 2704 qui
1093 2684 1102 2701 ‚
1124 2653 1179 2691 lui
1195 2683 1205 2702 ,
1224 2667 1273 2691 ne
1294 2653 1435 2704 portait
1451 2666 1519 2705 pas
1535 2654 1572 2693 le
1591 2666 1685 2692 nom
1703 2653 1753 2693 de
1768 2646 1878 2694 War-

456 2713 567 2753 wick.
591 2714 621 2751 ῙΙ
644 2714 734 2752 etait
753 2722 877 2752 comte
901 2714 949 2753 de
969 2713 1182 2765 Salisbury.

506 2776 548 2823 ¹4.
581 2777 634 2812 Le
658 2774 732 2812 duc
757 2774 903 2813 d'York
931 2782 968 2812 et
990 2773 1026 2812 le
1045 2782 1171 2812 comte
1190 2774 1238 2813 de
1264 2773 1461 2826 Salisbury
1481 2774 1654 2826 perirent
1672 2782 1758 2812 tous
1775 2772 1880 2813 deux

458 2835 478 2871 a
498 2833 534 2871 la
554 2833 651 2872 suite
670 2833 719 2872 de
738 2833 774 2872 la
792 2832 946 2872 bataille
965 2833 1014 2872 de
1036 2833 1269 2882 Wakefield3
1289 2834 1384 2873 mais
1399 2834 1426 2873 il
1447 2847 1472 2886 y
1491 2842 1556 2874 eut
1574 2833 1792 2887 &galement
1810 2833 1878 2875 des

457 2892 678 2932 executions
701 2896 813 2946 apres
831 2893 926 2932 celle
946 2893 994 2932 de
1014 2893 1280 2933 Saint-Alban.
