2086 3528
539 349 616 386 172
925 346 1266 385 HISTORIARUM
1293 348 1472 385 CAROLI
1500 348 1567 384 v11

545 439 595 477 ut
618 444 785 476 omnes
806 428 940 491 regni
963 427 1131 474 incolae
1155 428 1216 476 ad
1235 439 1405 476 nutum
1423 429 1543 492 regis
1565 444 1593 476 a
1615 428 1944 493 quaestoribus,

540 524 659 570 quos
687 504 927 570 generales
950 503 1262 552 financiarum
1282 506 1538 572 appellant,
1564 516 1610 554 et
1632 522 1800 555 eorum
1816 522 1947 554 com·

539 584 689 631 missis
713 599 768 630 ac
793 581 1087 643 satellitibus,
1118 581 1364 630 talliabiles
1386 583 1575 648 publice
1595 583 1914 649 praedicent-ur
1930 621 1943 643 ,

538 661 598 708 de
630 653 851 726 factoque
882 660 1219 708 immanissime
1247 659 1508 722 tallientur,
1535 663 1726 709 nemine
1749 662 1799 709 in
1827 678 1946 710 con·

540 739 737 785 trarium
760 738 964 786 audente
999 739 1171 785 mutire
1192 737 1267 785 vel
1292 739 1432 786 etiam
1452 740 1734 805 supplicare.
1762 740 1949 795 Pericu-

537 815 682 862 losius
702 815 830 862 enim
849 816 974 863 circa
987 814 1083 862 hoc
1097 831 1270 872 errare,
1287 831 1432 879 qnam
1451 816 1489 862 si
1506 825 1660 864 totum
1676 815 1948 881 symbolum

539 891 649 939 fidei
674 891 1004 957 abnegaretur,
1032 909 1059 939 a
1082 891 1357 939 satellitibus
1382 894 1640 957 tyrannidis
1668 893 1944 955 duceretur3

538 980 584 1017 et
599 970 744 1019 veluti
761 971 943 1038 crimen
962 971 1079 1018 laesae
1095 970 1349 1034 majestatis
1365 970 1627 1020 admisisset
1641 1007 1654 1033 ,
1676 971 1759 1037 qui
1781 981 1949 1033 contra

537 1065 844 1114 quocumque
858 1049 1008 1096 modo
1025 1049 1204 1113 aliquid
1220 1048 1514 1114 loqueretur,
1539 1048 1664 1097 illico
1681 1050 1945 1115 puniretur.

538 1126 664 1182 Quin
688 1136 847 1174 autem
865 1127 1063 1174 servitus
1085 1125 1412 1190 hujuscemodi
1434 1126 1615 1174 tamdiu
1628 1126 1856 1174 duratura
1869 1127 1946 1188 sit,

537 1204 766 1266 quamdiu
792 1221 962 1252 manus
979 1204 1059 1251 illa
1083 1204 1387 1269 stipendiaria
1408 1205 1470 1252 ad
1486 1214 1674 1252 tantum
1695 1220 1949 1271 numerum

538 1281 798 1328 retineatur
814 1318 827 1342 ,
856 1282 1014 1329 nullus
1042 1281 1279 1345 ambigere
1298 1282 1456 1330 debet.
1479 1285 1561 1330 Est
1591 1283 1718 1330 enim
1743 1282 1846 1347 ipsa
1865 1281 1951 1330 hu·

533 1358 801 1421 juscemodi
814 1360 1048 1407 servitutis
1064 1360 1381 1407 conservatrix
1398 1377 1409 1407 :
1427 1376 1453 1406 a
1466 1376 1577 1425 qua,
1595 1359 1767 1425 procul
1781 1357 1948 1421 dubio,

539 1437 1038 1499 quamdiu·duraverit
1056 1475 1068 1495 ,
1095 1454 1295 1500 regnum
1320 1437 1652 1502 hujuscemodi
1677 1437 1847 1501 jugum
1870 1452 1955 1484 ex-

538 1523 700 1561 cutere
734 1531 834 1561 non
868 1515 1067 1579 poterit,
1101 1514 1182 1562 sed
1213 1514 1301 1562 sub
1331 1514 1498 1563 eadem
1534 1515 1758 1563 servitute
1790 1514 1953 1562 miser-

538 1590 657 1637 rime
683 1600 824 1654 atque
848 1591 1161 1638 infelicissime
1183 1591 1439 1655 languebit.
1737 1603 1741 1607 '

604 1669 756 1732 Atque
777 1668 962 1716 utinam
985 1669 1029 1715 ei
1053 1668 1299 1717 dumtaxat
1317 1670 1526 1717 servituti
1553 1668 1843 1717 tributorum
1867 1667 1954 1716 ad-

537 1745 649 1809 jecti
681 1745 888 1793 infelices
921 1745 1196 1810 regnicolae,
1237 1746 1331 1794 hoc
1367 1747 1528 1794 medio
1558 1748 1779 1794 miseram
1805 1746 1955 1794 vitam

545 1831 695 1870 tutam
725 1833 868 1888 atque
886 1824 1094 1888 quietam
1121 1823 1308 1871 trahere
1331 1823 1551 1890 possent!
1581 1833 1700 1872 esset
1732 1823 1862 1871 enim
1881 1833 1956 1871 ut-

543 1917 748 1965 cumque
770 1901 1014 1949 tolerabile
1041 1901 1236 1948 malum.
1259 1903 1399 1966 Atqui
1414 1902 1647 1968 profecto,
1664 1900 1797 1967 quod
1813 1899 1955 1964 longe

542 1979 730 2042 gravius
752 1989 894 2043 atque
930 1979 1174 2027 molestius
1197 1989 1267 2027 est
1288 1979 1504 2041 tributis,
1536 1981 1678 2028 etiam
1703 1977 1878 2026 militiae
1899 1975 1954 2023 il-

542 2056 631 2103 lius
666 2056 966 2105 conductitiae
990 2057 1292 2117 insolentias,
1327 2057 1545 2120 injurias,
1572 2057 1761 2122 rapinas
1784 2064 1832 2102 et
1852 2070 1956 2101 mo-

540 2134 712 2195 lestias,
746 2152 863 2200 quas
882 2135 1010 2182 nulla
1034 2135 1313 2198 eloquentiae
1335 2135 1404 2181 vis
1432 2128 1717 2182 sufficienter
1735 2148 1954 2181 enarrare

539 2222 730 2278 posset,
766 2213 939 2276 jugiter
968 2222 1014 2260 et
1037 2213 1266 2260 continuo
1304 2211 1511 2276 perferre
1534 2227 1725 2258 necesse
1746 2209 1950 2271 habent,

540 2290 589 2337 hi
628 2291 887 2356 praesertim
918 2292 1000 2356 qui
1043 2307 1153 2338 rura
1188 2290 1430 2348 incolunt3
1470 2306 1558 2336 nec
1589 2289 1650 2336 ab
1688 2289 1754 2335 eis
1791 2297 1952 2353 tamen

543 2368 753 2416 evadunt
786 2369 1021 2416 immunes
1038 2406 1050 2428 ,
1092 2368 1175 2432 qui
1197 2367 1405 2414 civitates
1428 2376 1474 2413 et
1495 2365 1674 2431 oppida
1700 2373 1746 2412 et
1767 2365 1953 2431 minuta

541 2447 645 2494 loca
666 2446 959 2505 inhabitant,
982 2446 1110 2511 apud
1133 2462 1253 2510 quos
1278 2445 1525 2493 ordinariae
1548 2443 1824 2508 hujusmodi
1836 2459 1951 2491 con-

546 2524 751 2572 ductitiae
774 2523 1087 2589 stipendiariae
1116 2522 1292 2569 militiae
1315 2532 1471 2570 certus
1498 2538 1725 2568 numerus
1744 2537 1833 2586 pro
1857 2530 1950 2568 sta-

548 2602 675 2649 tione
697 2600 817 2649 solet
837 2600 1078 2648 collocari.
1100 2602 1218 2646 Cum
1236 2598 1330 2646 hoc
1353 2600 1481 2647 enim
1505 2598 1635 2664 quod
1658 2599 1772 2662 tales
1789 2613 1952 2646 secum

549 2679 727 2727 habere
750 2678 986 2744 hospites,
1011 2677 1158 2725 velint
1173 2714 1185 2737 ,
1208 2677 1387 2738 nolint,
1412 2687 1648 2742 coguntur
1673 2677 1797 2724 cives
1818 2675 1949 2723 loco-

546 2774 679 2818 rum,
707 2757 867 2821 eisque
895 2755 955 2803 de
986 2756 1118 2802 omni
1142 2755 1404 2801 necessaria
1426 2764 1472 2801 et
1495 2771 1592 2802 non
1617 2752 1764 2801 modo
1788 2768 1949 2800 neces·

543 2836 691 2894 saria,
718 2851 883 2882 verum
916 2834 1057 2881 etiam
1079 2831 1362 2898 voluptuosa
1397 2831 1638 2880 interdum
1659 2829 1946 2897 supellectile
