2086 3528
727 365 893 403 ‘LIBER
920 364 1133 413 QUINTUS
1581 367 1657 404 305

248 461 356 492 rum
385 455 637 511 tempestas
660 446 910 496 intulisset.
949 449 1212 497 Subsistere
1241 449 1384 514 igitur
1413 458 1460 496 et
1493 448 1657 497 subdi·

248 531 408 570 torum
437 532 534 570 tam
574 524 697 586 regis
725 539 872 588 quam
906 542 1106 573 suorum
1129 524 1297 574 maluit
1331 525 1659 591 tranquillitati

248 599 498 648 consulere
514 637 527 663 ,
559 617 705 666 quam
741 618 904 650 rursus
934 603 1171 651 bellorum
1206 603 1330 652 faces
1366 603 1628 654 accendere
1643 641 1656 664 ,

248 694 353 742 quae
371 688 633 743 utcumque
667 679 905 728 exstinctae
936 680 1010 729 vel
1032 681 1196 746 sopitae
1216 682 1382 730 saltem
1406 698 1507 731 esse
1528 681 1661 730 vide-

246 753 438 804 bantur.

709 909 1050 956 CAPlTULUM
1082 910 1205 954 XIX.

303 1031 470 1078 Carolus,
488 1032 706 1068 Francorum
724 1046 786 1068 rex
804 1060 814 1078 ,
833 1033 993 1081 increpat
1010 1032 1137 1069 ducem
1154 1031 1369 1079 Burgundiae
1388 1045 1456 1080 pro
1476 1030 1541 1068 filii
1559 1033 1614 1068 sui

485 1094 680 1129 retentione
695 1102 730 1129 et
745 1094 877 1140 treugis
890 1106 976 1140 quas
992 1106 1072 1128 cum
1090 1092 1246 1140 Anglicis
1263 1092 1436 1127 servabat.

315 1200 421 1265 Egit
453 1210 615 1248 autem
643 1200 960 1266 legationibus
991 1200 1151 1248 multis
1182 1199 1381 1248 Carolus
1402 1216 1514 1261 rex,
1552 1215 1671 1263 quas

250 1278 434 1328 vicibus
463 1279 604 1327 variis
626 1278 689 1327 ad
719 1280 878 1345 ipsum
900 1278 1075 1327 ducem
1097 1279 1146 1326 in
1173 1277 1354 1344 oppido
1384 1276 1675 1325 Bruxellensi

254 1355 369 1421 (ubi
400 1357 693 1423 frequentius
721 1374 833 1405 cum
856 1374 940 1406 sua
969 1357 1101 1405 curia
1134 1355 1444 1420 morabatur)
1467 1355 1677 1403 destina-

250 1435 348 1495 vit,
373 1444 608 1500 quatenus
632 1435 782 1483 filium
806 1453 947 1483 suum
970 1435 1032 1483 ad
1049 1453 1098 1483 se
1119 1435 1359 1482 remittere
1382 1433 1459 1481 vel
1478 1451 1504 1481 e
1526 1434 1679 1499 patria

252 1529 338 1560 sua
359 1513 559 1578 pellere,
586 1530 675 1561 nec
698 1514 856 1579 ipsum
880 1514 929 1559 in
954 1513 1092 1560 terris
1115 1513 1211 1559 suis
1231 1512 1391 1559 fovere
1414 1510 1554 1558 vellet
1577 1529 1586 1556 ι
1607 1511 1680 1556 in-

252 1606 456 1656 crepans
476 1592 619 1638 etiam
638 1600 686 1638 et
705 1592 909 1654 graviter
927 1606 1039 1637 eum
1063 1589 1368 1648 insimulans,
1394 1588 1527 1653 quod
1550 1588 1674 1652 ipse,

252 1683 364 1715 cum
387 1668 606 1716 subditus
630 1679 676 1716 et
705 1668 931 1716 vassallus
953 1685 1066 1715 suus
1089 1677 1236 1726 esset,
1265 1683 1377 1713 cum
1402 1667 1499 1718 suis
1521 1675 1680 1712 vetus-

253 1744 444 1792 tissimis
473 1755 520 1792 et
541 1746 675 1809 regni
711 1746 783 1792 sui
820 1744 1039 1791 hostibus
1074 1754 1259 1808 treugas
1282 1744 1402 1790 inire
1424 1752 1471 1789 et
1492 1758 1681 1790 servare

253 1834 574 1887 praesumeret.
598 1823 692 1870 Sed
717 1823 778 1870 de
801 1822 899 1870 filio
921 1822 1116 1887 quidem
1139 1822 1364 1891 pellendo
1386 1822 1534 1869 domo
1558 1837 1642 1869 sua
1663 1858 1675 1881 ,

255 1900 317 1949 ad
339 1918 502 1966 quam,
530 1902 674 1967 patris
697 1902 869 1948 timens
893 1900 1186 1961 inimicitia&
1215 1917 1264 1947 se
1287 1899 1560 1946 nullatenus
1581 1899 1679 1947 sol-

254 1979 487 2040 licitante,
527 1989 816 2044 procurante
863 1978 939 2025 vel
986 1978 1287 2026 desiderante
1304 2015 1316 2038 ‚
1359 1978 1638 2042 confugerat
1664 2015 1676 2036 ,

256 2056 505 2123 Philippus
532 2057 808 2122 Burgundio
833 2074 944 2104 cum
965 2056 1215 2104 honestate
1240 2057 1364 2121 regis
1393 2056 1683 2103 desiderium

256 2134 518 2201 adimplere
547 2136 746 2182 minime
768 2152 908 2201 posse
932 2134 1248 2196 defendebat,
1277 2143 1329 2180 ut
1350 2149 1486 2192 eum,
1514 2134 1588 2181 vel
1610 2134 1685 2180 in-

256 2213 408 2260 vitum
432 2214 558 2279 patri
592 2213 829 2270 traderet,
867 2212 942 2260 vel
966 2212 1103 2259 terris
1130 2212 1226 2259 suis
1257 2211 1542 2276 expelleret;
1569 2228 1682 2258 nam

259 2291 388 2356 apud
411 2308 743 2356 quoscumque
765 2289 1076 2338 honorabiles
1102 2307 1183 2337 seu
1210 2289 1328 2336 alios
1345 2289 1498 2352 justos
1521 2305 1683 2336 rerum

259 2370 587 2430 aestimatores‚
608 2386 791 2434 magnae
813 2378 1010 2434 propter
1030 2367 1127 2415 hoc
1150 2367 1355 2414 infamiae
1372 2405 1384 2428 ,
1408 2367 1476 2414 uti
1500 2366 1655 2414 aiebat
1669 2404 1681 2428 ,

260 2458 308 2496 et
343 2447 592 2495 dedecoris
627 2456 909 2513 perpetuam
944 2446 1101 2493 labem
1143 2447 1437 2504 incurreret,
1477 2460 1684 2507 eumque

260 2527 350 2574 sibi
389 2526 629 2574 infensum
667 2526 910 2591 perpetuis
954 2523 1252 2590 temporibus
1285 2523 1393 2586 jure
1430 2521 1681 2584 redderet,

261 2605 491 2670 quoniam
503 2642 516 2666 ‚
536 2603 802 2651 secundum
818 2603 1012 2650 solitum
1033 2612 1214 2650 naturae
1231 2616 1451 2658 cursum,
1469 2598 1684 2646 futurum

261 2684 351 2731 sibi
369 2701 481 2731 eum
496 2699 655 2746 regem
676 2698 731 2729 ac
751 2682 1005 2729 dominum
1029 2690 1299 2746 exspectare
1323 2677 1547 2738 deberet3
1571 2692 1686 2724 con-

261 2773 334 2810 tra
359 2762 436 2826 jus
463 2761 677 2824 gentium
703 2760 845 2808 etiam
877 2761 1000 2818 fore,
1030 2760 1069 2807 si
1095 2776 1225 2816 eum,
1258 2757 1342 2822 qui
1379 2754 1589 2802 confisus
1625 2755 1686 2803 de

262 2857 345 2888 sua
372 2838 668 2886 humanitate
696 2847 839 2902 atque
872 2837 1170 2900 benignitate
1203 2834 1266 2882 ad
1296 2850 1345 2881 se
1367 2832 1685 2895 confugisset,

371 2931 384 2953 1
1448 2910 1499 2946 90
