2086 3528
535 339 609 375 108
910 336 1251 376 HISTORIARUM
1279 338 1459 376 CAROLI
1486 338 1556 375 VII

532 437 641 467 rum
675 418 849 465 militiae
885 419 1006 478 dux,
1045 419 1199 467 dictus
1234 420 1460 468 dominus
1493 419 1555 467 de
1585 417 1745 466 Scales
1783 435 1798 465 .·
1831 433 1943 467 nam

533 497 692 544 multis
720 513 888 543 eorum
913 496 1040 543 caesis
1064 507 1135 552 et,
1171 506 1224 543 ut
1245 498 1368 544 fama
1390 507 1514 558 erat,
1547 496 1609 544 ad
1638 505 1844 561 quatuor
1864 505 1946 544 aut

534 575 744 638 quinque
774 573 919 620 millia
945 573 1181 631 virorum,
1206 573 1481 638 hujusmodi
1507 573 1738 621 tumultus
1761 589 1945 639 repres·
1966 634 1970 638 Ι

534 668 613 697 sus
635 660 729 710 est,
753 649 1105 715 superstitibus,
1135 652 1339 715 praestita
1367 652 1639 712 securitate,
1668 650 1726 698 ad
1751 649 1947 716 propria

534 737 781 774 revocatis.

599 807 657 851 Et
695 803 768 851 hae
804 804 999 869 quidem
1039 803 1186 851 turbae
1227 804 1351 851 circa
1386 815 1601 870 tempora
1633 805 1712 852 illa
1743 820 1947 852 emerse-

534 891 668 939 runt,
709 881 905 945 quibus,
940 898 1029 946 pro
1064 897 1181 945 pace
1216 881 1487 942 tractanda,
1523 880 1652 946 apud
1673 880 1948 928 Atrebatum

534 969 817 1021 conventus,
839 959 900 1006 de
922 976 1019 1023 quo
1038 958 1260 1018 diximus,
1280 961 1516 1007 exstiterat
1536 959 1816 1007 celebratus.
1837 959 1950 1006 Post

534 1035 810 1099 hujusmodi
832 1037 961 1083 enim
983 1047 1272 1084 conventum
1289 1074 1301 1096 ,
1331 1054 1441 1084 cum
1463 1038 1512 1084 in
1536 1053 1594 1085 eo
1620 1036 1799 1100 Anglici
1819 1036 1950 1102 pacis

535 1115 836 1163 conditiones
859 1132 1027 1162 omnes
1048 1126 1344 1163 recusassent
1374 1115 1579 1176 oblatas,
1604 1113 1770 1180 populi
1799 1117 1950 1162 Fran-

536 1192 617 1239 ciae
649 1203 694 1240 et
730 1193 1031 1240 Normanniae
1069 1193 1151 1257 qui
1183 1192 1272 1239 sub
1317 1209 1486 1241 eorum
1526 1192 1848 1240 consistebant
1880 1193 1952 1240 di—

538 1269 685 1328 tione,
713 1269 894 1333 majore
917 1286 1028 1333 erga
1051 1286 1133 1317 eos
1169 1269 1283 1316 odio
1311 1279 1607 1329 exarserunt,
1637 1269 1952 1316 existimantes

536 1362 586 1392 se
614 1356 854 1411 perpetuae
878 1346 1094 1394 addictos
1121 1347 1319 1394 miseriae
1347 1347 1578 1411 quamdiu
1604 1345 1693 1393 sub
1721 1346 1788 1393 eis
1817 1362 1950 1411 rege-

536 1433 717 1482 rentur,
749 1440 832 1471 eos
870 1424 1010 1471 solito
1048 1425 1234 1488 gravius
1270 1424 1589 1487 affligentibus
1623 1423 1837 1481 Francis,
1870 1424 1952 1488 qui

532 1502 630 1565 jam
654 1500 716 1549 ad
735 1502 1096 1565 Burgundiones
1118 1502 1272 1567 pacati
1287 1539 1299 1562 ,
1322 1512 1488 1549 contra
1513 1501 1640 1548 solos
1663 1500 1837 1565 Anglos
1857 1514 1954 1547 cer-

536 1589 695 1627 tamen
711 1579 970 1627 habebant.
987 1580 1226 1628 Putabant
1239 1581 1368 1627 enim
1381 1590 1427 1627 et
1441 1597 1546 1627 eam
1558 1579 1954 1627 existimationem

538 1658 598 1704 de
623 1659 782 1722 Anglis
810 1669 1118 1724 acceperant,
1150 1659 1233 1722 qui
1260 1658 1350 1705 sub
1387 1658 1543 1722 Anglis
1572 1658 1740 1705 Franci
1772 1657 1955 1704 detine-

536 1736 730 1796 bantur,
756 1736 873 1783 dum
896 1737 1112 1784 viderent
1134 1753 1216 1783 eos
1242 1737 1368 1800 pacis
1389 1752 1547 1800 aequas
1572 1746 1618 1783 et
1651 1733 1955 1783 rationabiles

538 1814 664 1876 leges
681 1814 1020 1878 contempsisse
1044 1814 1093 1860 in
1116 1813 1341 1878 praedicto
1368 1822 1608 1861 conventu
1633 1811 1952 1870 Atrebatensi‚

539 1893 672 1956 quod
695 1910 794 1940 non
815 1896 1079 1957 quaererent
1102 1892 1352 1939 utilitatem
1375 1892 1539 1956 patriae
1563 1900 1610 1938 et
1631 1889 1956 1954 subjectorum

540 1971 747 2033 quietem
763 2008 773 2027 ‚
803 1971 884 2033 qui
902 1970 1002 2033 jam
1024 1970 1161 2017 annis
1179 1969 1345 2032 viginti
1368 1979 1414 2016 et
1436 1968 1638 2034 amplius
1658 1968 1838 2032 absque
1861 1966 1957 2014 ulla

540 2048 828 2095 relaxatione
852 2048 1078 2094 continue
1099 2046 1338 2094 bellorum
1371 2045 1716 2093 calamitatibus
1735 2043 1824 2091 sub
1844 2043 1957 2109 ipsis

540 2123 701 2171 afflicti
723 2124 907 2172 fuerant
920 2161 932 2183 ‚
951 2124 1034 2171 sed
1048 2124 1206 2189 potius
1223 2122 1355 2186 quod
1368 2140 1425 2169 ex
1442 2123 1522 2169 illo
1539 2123 1802 2170 inveterato
1819 2119 1952 2180 odio,

541 2202 675 2265 quod
698 2203 763 2250 eis
785 2203 1003 2250 innatum
1027 2211 1096 2249 est
1118 2201 1180 2248 ad
1203 2204 1496 2247 Francorum
1515 2208 1728 2263 gentem,
1748 2215 1831 2246 eos
1852 2214 1959 2264 per·

542 2279 695 2344 petuis
715 2280 910 2327 miseriis
928 2289 974 2326 et
993 2279 1215 2326 aerumnis
1235 2277 1410 2325 vellent
1426 2276 1673 2325 exitialiter
1686 2275 1924 2324 conficere
1940 2293 1954 2336 ς

543 2367 589 2404 et
608 2358 833 2421 utrinque
855 2357 915 2404 de
932 2374 981 2404 se
999 2358 1221 2417 invicem,
1243 2356 1408 2403 Franci
1425 2364 1472 2402 et
1492 2355 1687 2418 Anglici,
1707 2355 1958 2420 pessimam

542 2434 772 2481 habentes
785 2435 1087 2499 opinionem,
1104 2434 1281 2481 mutuis
1298 2434 1347 2480 in
1365 2449 1465 2480 sese
1483 2432 1604 2480 odiis
1621 2443 1668 2480 et
1684 2432 1959 2480 diffidentiis

544 2511 757 2575 quotidie
791 2513 938 2575 magis
976 2529 1030 2560 ac
1063 2513 1211 2576 magis
1246 2510 1631 2559 accendebantur
1663 2521 1710 2559 et
1744 2508 1956 2559 inardes-

544 2588 729 2637 cebant.
