2086 3528
521 342 571 378 90
904 339 1248 381 HISTORIARUM
1275 340 1458 382 CAROLI
1485 342 1555 379 VII

954 544 1296 591 CAPITULUM
1329 546 1494 592 XVIII.

591 678 752 723 Qualiter
769 679 945 716 Henricus
958 680 1098 728 juvenis
1115 707 1125 724 ,
1141 681 1340 728 Anglorum
1355 694 1438 727 rex,
1455 681 1524 719 fuit
1541 679 1684 717 Parisiis
1699 679 1739 716 in
1752 692 1877 730 rege-¹

1011 740 1234 775 Francorum
1250 748 1453 779 coronatus.

580 841 907 907 ‘Postmodum
930 858 1045 889 vero
1059 877 1071 901 ‚
1099 858 1211 889 cum
1235 841 1416 906 Anglici
1437 842 1764 891 desiderarent
1783 858 1944 907 regem

521 939 667 970 suum
689 921 952 968 Henricum
971 922 1198 984 juvenem
1213 958 1225 982 ,
1243 922 1345 985 qui,
1371 930 1424 968 ut
1441 921 1661 981 diximus,
1687 920 1944 969 Rothoma-

522 1017 636 1065 gum
658 1016 716 1046 ex
742 998 906 1061 Anglia
928 997 1082 1045 fuerat
1106 997 1359 1059 adductus,
1385 998 1434 1045 in
1457 1002 1752 1046 Francorum
1782 1013 1945 1061 regem

524 1080 679 1126 facere
717 1077 968 1137 coronari,
1015 1093 1073 1124 ex
1107 1075 1407 1141 Rothomago
1442 1093 1554 1124 eum
1591 1076 1795 1125 Parisios
1833 1082 1944 1123 cum

520 1174 697 1223 magno
725 1157 958 1206 comitatu
980 1155 1244 1204 adventare
1273 1156 1514 1216 fecerunt;
1541 1154 1625 1202 ubi
1654 1171 1767 1203 eum
1794 1154 1945 1203 multa

520 1237 821 1285 solemnitate
857 1246 905 1283 et
933 1251 1116 1300 pompa
1149 1235 1325 1282 exstitit
1361 1235 1676 1295 coronatus¹‚
1715 1233 1800 1282 sed
1842 1249 1944 1281 non

520 1315 668 1380 longo
686 1324 797 1380 post
819 1323 1063 1379 tempore,
1087 1312 1207 1361 urbe
1234 1314 1336 1379 ipsa
1359 1313 1488 1377 regia
1509 1324 1757 1378 regnoque
1777 1321 1947 1360 exutus

520 1409 577 1442 ac
602 1393 850 1459 spoliatus,
883 1392 1299 1458 quemadmodum
1327 1409 1415 1440 suo
1445 1391 1617 1440 ordine
1639 1401 1809 1458 postea
1829 1389 1949 1440 rese-

519 1488 703 1520 remus.
1590 1488 1593 1490 ·

987 1612 1328 1660 CAPITULUM
1360 1612 1482 1658 XIX.

521 1750 658 1785 Bellum
674 1749 712 1785 in
728 1748 956 1798 Lotharingia
970 1749 1063 1785 inter
1078 1750 1257 1784 Renatum
1272 1777 1281 1796 ,
1301 1748 1431 1785 ducem
1451 1747 1690 1797 Lotharingiae
1703 1774 1715 1794 ‚
1730 1756 1767 1788 et
1781 1748 1948 1789 comitem

1067 1810 1392 1847 Vallis—Montium.

587 1915 692 1962 Fuit
715 1914 886 1966 iisdem
909 1914 1209 1980 temporibus
1233 1914 1284 1962 in
1306 1912 1613 1977 Lotharingia
1635 1911 1816 1965 bellum
1837 1911 1948 1965 satis

522 1991 752 2040 acerbum
777 1993 900 2040 inter
923 2009 1083 2056 regem
1101 1991 1293 2054 Siciliae,
1314 1993 1564 2053 Renatum,
1591 1989 1768 2038 ducem
1782 1988 1949 2043 'Ande-

521 2071 668 2134 gaviae
702 2081 749 2118 et
784 2074 1089 2131 Barrensem,
1130 2080 1178 2118 et
1210 2070 1439 2118 comitem
1473 2068 1535 2116 de
1569 2067 1780 2117 Vallibus
1814 2069 1948 2117 Mon-

521 2150 644 2197 tium
660 2187 672 2208 ,
695 2149 950 2214 vulgariter
978 2149 1163 2197 dictum
1185 2147 1242 2195 de
1268 2151 1311 2196 V
1311 2146 1600 2195 audezmons
1616 2184 1627 2206 ‚
1653 2162 1743 2212 pro
1769 2144 1947 2196 ducatu

523 2227 852 2293 Lotharingiae,
879 2244 1023 2293 quem
1055 2227 1117 2275 ad
1143 2243 1193 2275 se
1216 2227 1545 2291 unusquisque
1567 2225 1806 2292 pertinere
1828 2240 1948 2276 con·
1992 2281 1993 2285 Ἰ
2022 2287 2029 2294 .

521 2306 801 2354 tendebat²z
829 2307 1083 2354 occasione
1103 2305 1239 2369 cujus
1258 2304 1598 2364 contentioniS,
1623 2303 1684 2351 ad
1701 2312 1948 2354 cruentam

521 2385 631 2433 satis
651 2394 938 2451 perventum
958 2384 1132 2432 exstitit
1153 2399 1381 2448 pugnam.
1407 2381 1623 2430 Habebat
1644 2397 1807 2429 comes
1822 2379 1951 2449 auxi-

522 2463 584 2512 lia
609 2463 1031 2529 Burgundionum,
1064 2478 1274 2528 quorum
1302 2460 1537 2508 exercitus
1558 2476 1660 2508 non
1683 2459 1808 2511 ultra
1830 2474 1948 2527 qua-

577 2617 615 2653 1.
648 2616 682 2653 A
700 2617 978 2664 Notre·Dame‚
998 2614 1035 2653 le
1052 2615 1102 2654 16
1122 2612 1326 2652 decembre
1346 2614 1465 2651 1431.

577 2677 617 2715 2.
648 2675 814 2714 Antoine
826 2674 873 2713 de
890 2673 1091 2721 Lorraine,
1113 2682 1237 2712 comte
1250 2673 1298 2712 de
1314 2672 1574 2722 Vaudemont,
1588 2669 1807 2725 pretendait
1823 2682 1900 2723 que
1911 2668 1950 2710 la

523 2737 709 2777 Lorraine
728 2737 860 2776 n'etait
877 2750 945 2790 pas
971 2750 1024 2775 un
1056 2737 1125 2775 fies
1147 2736 1307 2775 feminin
1329 2744 1367 2774 et
1391 2748 1469 2787 que
1490 2748 1561 2788 par
1577 2735 1816 2787 consequent
1841 2731 1948 2774 Rene

524 2798 693 2847 d'Anjou
711 2797 856 2836 n'avait
867 2810 921 2850 pu
938 2810 965 2848 y
986 2795 1147 2835 acceder
1168 2809 1239 2847 par
1250 2809 1320 2835 son
1338 2795 1510 2848 mariage
1529 2809 1623 2834 avec
1640 2795 1677 2834 la
1695 2795 1774 2834 fille
1789 2793 1843 2834 du
1860 2793 1948 2834 der-

524 2858 608 2897 nier
627 2859 702 2896 duc
722 2857 869 2897 desunt.
1898 2870 1903 2876 ·
