2086 3528
478 369 556 405 204
859 365 1203 403 HISTORIARUM
1229 366 1412 404 CAROLI
1436 364 1507 403 VH

480 460 713 514 quatenus
729 448 1027 495 declararent
1045 448 1083 494 si
1101 447 1327 496 mandato
1347 449 1468 513 regis
1486 451 1795 508 Francorum,
1817 445 1895 494 vel

467 528 627 592 *ipsius
640 526 852 585 nomine,
873 525 973 572 haec
986 526 1205 588 egissent,
1222 526 1355 590 quod
1372 525 1647 590 hujusmodi
1663 523 1895 590 oppidum
1918 570 1920 573 .

480 614 668 667 treugas
688 603 914 650 violando
937 603 1002 650 ita
1024 613 1350 668 occupassent.
1372 604 1466 661 Qui
1484 603 1653 663 duces,
1680 616 1792 650 cum
1816 618 1895 650 su-

482 697 567 744 per
591 680 684 725 hoc
707 696 792 743 per
814 678 1037 726 heraldos
1051 678 1242 743 [essent]
1269 680 1506 743 requisiti,
1531 679 1743 744 quodam
1765 678 1897 727 velut

482 765 813 819 stratagemate
834 757 932 817 usi,
972 756 1323 821 responderunt
1343 773 1392 803 se
1416 773 1504 804 nec
1525 757 1752 805 mandato
1775 757 1898 821 regis

483 837 804 895 Francorum,
839 850 928 881 nec
959 833 1060 897 ejus
1084 834 1281 880 nominc
1313 832 1364 880 id
1391 833 1578 894 fecisse,
1610 834 1695 882 sed
1716 850 1899 894 servas-

483 912 625 959 sallos
643 929 698 960 ac
721 913 1053 978 stipendiarios
1076 912 1210 960 ducis
1237 913 1480 960 Britanniae
1495 951 1508 975 ,
1533 914 1680 978 ipsius
1701 913 1900 966 nomine

485 998 531 1036 et
566 989 626 1036 ad
660 990 760 1053 ejus
797 990 1051 1037 utilitatem
1070 1027 1081 1048 ,
1106 989 1157 1036 id
1187 989 1350 1037 fecisse
1374 990 1424 1036 in
1456 990 1735 1054 injuriarum
1757 1000 1900 1056 atque

485 1065 773 1114 damnorum
803 1083 1166 1133 recompensam
1200 1084 1257 1113 ex
1293 1076 1453 1132 parte,
1479 1084 1584 1131 quae
1618 1067 1775 1115 eidem
1808 1067 1901 1115 do-

484 1144 617 1191 mino
641 1144 753 1191 duci
784 1145 1035 1192 Britanniae
1072 1144 1263 1207 suisque
1295 1144 1496 1191 subditis
1524 1145 1573 1191 in
1601 1145 1824 1210 captione
1853 1154 1902 1192 et

486 1222 758 1287 direptione
795 1223 962 1287 oppidi
993 1222 1054 1270 de
1088 1221 1313 1287 Fulgeriis
1346 1221 1639 1284 intulissent,
1667 1238 1838 1287 seque,
1864 1222 1902 1269 si

487 1301 683 1348 facultas
699 1302 765 1347 eis
781 1300 992 1360 daretur,
1016 1300 1297 1347 militaturos
1313 1299 1469 1348 eidem
1489 1299 1601 1347 duci
1621 1300 1682 1348 ad
1701 1300 1899 1364 majora.

556 1381 663 1424 Haec
687 1387 847 1424 autem
882 1394 1111 1442 responsa
1141 1394 1254 1424 cum
1288 1377 1433 1425 iidem
1463 1377 1649 1425 heraldi
1681 1379 1749 1426 eis
1782 1378 1906 1426 sacta

488 1455 631 1502 fuisse
654 1455 924 1503 retulissent
948 1455 1058 1501 duci
1093 1457 1423 1516 Summerseti,
1451 1456 1631 1519 majore
1653 1457 1801 1524 animi
1821 1457 1906 1503 in-

487 1532 764 1596 dignatione
785 1532 1030 1591 urebatur,
1067 1534 1367 1580 comminans
1402 1550 1452 1580 se
1473 1533 1608 1580 brevi
1629 1532 1826 1581 eosdem
1848 1549 1905 1581 ex

489 1619 725 1672 occupato
751 1609 978 1674 praedicto
1008 1609 1191 1674 oppido
1220 1609 1474 1674 depellere.
1505 1612 1684 1657 Verum
1708 1609 1907 1675 quidem

489 1695 591 1732 erat
614 1686 746 1750 quod
762 1723 775 1748 ,
801 1686 850 1732 in
875 1686 1019 1733 sacris
1035 1686 1200 1733 litteris
1225 1703 1343 1750 quas
1362 1703 1451 1752 pro
1475 1686 1709 1734 soliditate
1731 1696 1907 1751 treugae

491 1762 624 1809 factae
652 1763 915 1827 Anglorum
953 1780 1035 1810 rex
1066 1763 1326 1811 tradiderat
1354 1765 1453 1828 regi
1479 1767 1798 1826 Francorum,
1820 1780 1908 1811 no·

489 1841 763 1888 minabatur
797 1841 893 1888 dux
932 1842 1179 1889 Britanniae
1215 1851 1442 1906 tanquam
1473 1842 1549 1890 vel
1577 1842 1793 1890 subditus
1833 1841 1907 1890 vel

490 1919 748 1966 foederatus
767 1919 923 1966 eidem
946 1919 1207 1983 Anglorum
1231 1921 1352 1985 regi3
1371 1920 1456 1968 sed
1471 1937 1571 1968 non
1595 1921 1729 1968 aliter
1743 1920 1903 1979 etiam,

494 1997 548 2043 in
572 1996 735 2044 litteris
754 1997 875 2044 datis
897 2014 983 2062 per
1004 2001 1296 2046 Francorum
1318 2016 1478 2064 regem
1501 2000 1761 2063 Anglorum
1782 1998 1904 2062 regi,

493 2086 592 2123 erat
621 2076 749 2124 idem
775 2077 1027 2124 Britanniae
1060 2078 1158 2125 dux
1189 2078 1472 2138 nominatim
1509 2088 1557 2125 et
1585 2093 1800 2143 expresse
1832 2077 1908 2124 in-

495 2164 668 2201 sertus.
709 2155 846 2202 Unde
879 2155 1049 2203 merito
1066 2193 1078 2215 ‚
1102 2172 1214 2204 cum
1246 2172 1304 2204 ex
1333 2166 1534 2222 utraque
1556 2156 1762 2222 partium
1787 2164 1908 2204 esset

490 2322 734 2361 mentionne's
749 2321 799 2360 ici
818 2335 889 2374 par
910 2322 1075 2361 Thomas
1097 2322 1225 2364 Basin.
1245 2326 1347 2362 Tous
1365 2323 1420 2362 les
1444 2323 1724 2375 chroniqueurs
1746 2323 1910 2377 francais

490 2390 711 2428 nomment,
733 2394 784 2419 au
802 2381 882 2419 lieu
901 2381 949 2419 de
974 2381 1105 2420 Pier1·e
1125 2381 1174 2420 de
1198 2382 1337 2431 Breze,
1367 2387 1463 2422 Jean
1482 2384 1530 2422 de
1550 2384 1668 2422 Breze
1696 2398 1766 2424 son
1791 2384 1907 2424 frere.

491 2440 639 2479 Robert
661 2439 844 2488 Blondel‚
866 2440 1044 2478 d'accord
1071 2454 1165 2479 avec
1189 2454 1264 2479 eux
1285 2455 1351 2480 sur
1373 2456 1418 2482 ce
1441 2443 1565 2495 point,
1591 2444 1743 2497 corrige
1771 2457 1910 2484 encore

493 2507 605 2537 notre
639 2507 777 2537 auteur
808 2498 1075 2537 relativement
1102 2513 1150 2538 au
1180 2501 1357 2553 seigneur
1384 2503 1432 2541 de
1467 2503 1612 2556 Bigars.
1645 2504 1771 2553 Voici,
1801 2504 1911 2544 selon

494 2559 548 2597 lui
564 2588 575 2607 ‚
597 2558 706 2610 quels
725 2558 867 2596 etaient
884 2558 938 2597 les
953 2559 1162 2610 capitaines
1187 2561 1351 2613 francais
1374 2578 1383 2601 ι
1417 2581 1433 2597 «
1450 2563 1643 2603 Robertus
1662 2563 1711 2603 de
1727 2566 1910 2615 Floques,

496 2619 710 2671 vulgariter
749 2619 955 2670 Floquetus
993 2619 1137 2669 dictus,
1171 2621 1233 2659 vir
1251 2635 1362 2671 acer,
1394 2623 1434 2660 in
1463 2625 1580 2662 armis
1607 2623 1834 2675 perdoctus,
1866 2637 1912 2663 ac

497 2678 677 2716 dominus
715 2676 763 2715 de
803 2677 1027 2716 Malo-Nido
1060 2682 1272 2731 (Mauny)‚
1304 2681 1419 2720 ambo
1450 2683 1497 2721 de
1528 2683 1765 2722 Normannia
1789 2683 1908 2734 creti3

497 2750 655 2776 necnon
680 2737 875 2775 Johannes
909 2736 958 2775 de
988 2739 1206 2790 Bressiaco,
1234 2740 1343 2780 miles
1374 2750 1553 2781 strenuus
1582 2742 1630 2781 de
1663 2743 1908 2797 Andegavia‚

498 2798 669 2836 Jacobus
688 2796 737 2836 de
755 2796 861 2836 Bello
879 2800 1030 2850 Monte,
1051 2798 1099 2838 de
1118 2800 1350 2854 Dalphinatu
1370 2812 1498 2852 ortus,
1519 2803 1631 2843 bellis
1652 2803 1872 2844 instructus.
1890 2819 1907 2837 ²

496 2862 663 2896 Assertio
678 2863 935 2908 Normanniae,
950 2859 1020 2899 lib.
1038 2862 1071 2908 1,
1089 2874 1125 2902 c.
1146 2875 1216 2901 vn.
