<?xml version="1.0" encoding="UTF-8"?>
<!DOCTYPE html PUBLIC "-//W3C//DTD XHTML 1.0 Transitional//EN"
    "http://www.w3.org/TR/xhtml1/DTD/xhtml1-transitional.dtd">
<html xmlns="http://www.w3.org/1999/xhtml" xml:lang="en" lang="en">
 <head>
  <title>
</title>
<meta http-equiv="Content-Type" content="text/html;charset=utf-8" />
  <meta name='ocr-system' content='tesseract 3.04.00' />
  <meta name='ocr-capabilities' content='ocr_page ocr_carea ocr_par ocr_line ocrx_word'/>
</head>
<body>
  <div class='ocr_page' id='page_1' title='image "./histoiredesrgn01basiuoft_0422.png"; bbox 0 0 2086 3528; ppageno 0'>
   <div class='ocr_carea' id='block_1_1' title="bbox 535 354 1561 393">
    <p class='ocr_par' dir='ltr' id='par_1_1' title="bbox 535 354 1561 393">
     <span class='ocr_line' id='line_1_1' title="bbox 535 354 1561 393; baseline -0.002 0"><span class='ocrx_word' id='word_1_1' title='bbox 535 355 612 393; x_wconf 70' lang='lat'><strong>2⁴8</strong></span> <span class='ocrx_word' id='word_1_2' title='bbox 914 354 1254 391; x_wconf 83' lang='lat' dir='ltr'>HISTORIARUM</span> <span class='ocrx_word' id='word_1_3' title='bbox 1283 355 1465 392; x_wconf 82' lang='lat' dir='ltr'>CAROLI</span> <span class='ocrx_word' id='word_1_4' title='bbox 1490 355 1561 391; x_wconf 89' lang='lat' dir='ltr'><strong>VII</strong></span> 
     </span>
    </p>
   </div>
   <div class='ocr_carea' id='block_1_2' title="bbox 533 428 2020 2891">
    <p class='ocr_par' dir='ltr' id='par_1_2' title="bbox 535 428 1978 1110">
     <span class='ocr_line' id='line_1_2' title="bbox 535 428 1944 496; baseline -0.001 -19"><span class='ocrx_word' id='word_1_5' title='bbox 535 429 791 496; x_wconf 88' lang='lat' dir='ltr'><strong>putabant,</strong></span> <span class='ocrx_word' id='word_1_6' title='bbox 834 432 1126 475; x_wconf 81' lang='lat' dir='ltr'><strong>Francorum</strong></span> <span class='ocrx_word' id='word_1_7' title='bbox 1163 428 1243 474; x_wconf 89' lang='lat' dir='ltr'><strong>illo</strong></span> <span class='ocrx_word' id='word_1_8' title='bbox 1277 428 1574 476; x_wconf 83' lang='lat' dir='ltr'>adventasset</span> <span class='ocrx_word' id='word_1_9' title='bbox 1609 429 1863 490; x_wconf 85' lang='lat' dir='ltr'><strong>exercitus,</strong></span> <span class='ocrx_word' id='word_1_10' title='bbox 1897 429 1944 476; x_wconf 90' lang='lat' dir='ltr'><strong>in</strong></span> 
     </span>
     <span class='ocr_line' id='line_1_3' title="bbox 540 506 1948 571; baseline 0 -16"><span class='ocrx_word' id='word_1_11' title='bbox 540 507 750 570; x_wconf 86' lang='lat' dir='ltr'><strong>Angliam</strong></span> <span class='ocrx_word' id='word_1_12' title='bbox 788 515 1085 552; x_wconf 76' lang='lat' dir='ltr'><strong>revexerunt.</strong></span> <span class='ocrx_word' id='word_1_13' title='bbox 1128 506 1221 552; x_wconf 89' lang='lat' dir='ltr'><strong>Sed</strong></span> <span class='ocrx_word' id='word_1_14' title='bbox 1258 507 1485 570; x_wconf 89' lang='lat' dir='ltr'><strong>quoniam</strong></span> <span class='ocrx_word' id='word_1_15' title='bbox 1528 507 1616 571; x_wconf 86' lang='lat' dir='ltr'><strong>ipsi</strong></span> <span class='ocrx_word' id='word_1_16' title='bbox 1658 509 1948 555; x_wconf 80' lang='lat' dir='ltr'><strong>Francorum</strong></span> 
     </span>
     <span class='ocr_line' id='line_1_4' title="bbox 538 582 1945 648; baseline 0.001 -17"><span class='ocrx_word' id='word_1_17' title='bbox 538 585 635 648; x_wconf 88' lang='lat' dir='ltr'><strong>regi</strong></span> <span class='ocrx_word' id='word_1_18' title='bbox 657 593 901 648; x_wconf 90' lang='lat' dir='ltr'><strong>suspectus</strong></span> <span class='ocrx_word' id='word_1_19' title='bbox 927 582 1317 645; x_wconf 79' lang='lat' dir='ltr'>Burgundionum</span> <span class='ocrx_word' id='word_1_20' title='bbox 1337 583 1432 630; x_wconf 93' lang='lat' dir='ltr'><strong>dux</strong></span> <span class='ocrx_word' id='word_1_21' title='bbox 1453 600 1638 648; x_wconf 84' lang='lat' dir='ltr'><strong>semper</strong></span> <span class='ocrx_word' id='word_1_22' title='bbox 1659 583 1945 647; x_wconf 83' lang='lat' dir='ltr'><strong>habebatur,</strong></span> 
     </span>
     <span class='ocr_line' id='line_1_5' title="bbox 539 656 1978 726; baseline 0.001 -18"><span class='ocrx_word' id='word_1_23' title='bbox 539 678 643 708; x_wconf 92' lang='lat' dir='ltr'><strong>eam</strong></span> <span class='ocrx_word' id='word_1_24' title='bbox 669 678 769 707; x_wconf 91' lang='lat' dir='ltr'><strong>rem</strong></span> <span class='ocrx_word' id='word_1_25' title='bbox 793 659 982 724; x_wconf 86' lang='lat' dir='ltr'><strong>aggredi</strong></span> <span class='ocrx_word' id='word_1_26' title='bbox 1007 660 1202 705; x_wconf 89' lang='lat' dir='ltr'><strong>minime</strong></span> <span class='ocrx_word' id='word_1_27' title='bbox 1227 661 1490 707; x_wconf 84' lang='lat' dir='ltr'><strong>attentavit.</strong></span> <span class='ocrx_word' id='word_1_28' title='bbox 1516 660 1729 709; x_wconf 87' lang='lat' dir='ltr'><strong>Habebat</strong></span> <span class='ocrx_word' id='word_1_29' title='bbox 1753 661 1948 726; x_wconf 87' lang='lat' dir='ltr'><strong>quidem</strong></span> <span class='ocrx_word' id='word_1_30' title='bbox 1974 656 1978 659; x_wconf 41' lang='lat'>⁵</span> 
     </span>
     <span class='ocr_line' id='line_1_6' title="bbox 539 736 1945 802; baseline 0.001 -18"><span class='ocrx_word' id='word_1_31' title='bbox 539 755 648 785; x_wconf 91' lang='lat' dir='ltr'><strong>cum</strong></span> <span class='ocrx_word' id='word_1_32' title='bbox 682 754 740 784; x_wconf 93' lang='lat' dir='ltr'><strong>eo</strong></span> <span class='ocrx_word' id='word_1_33' title='bbox 776 753 967 802; x_wconf 89' lang='lat' dir='ltr'><strong>pacem,</strong></span> <span class='ocrx_word' id='word_1_34' title='bbox 1006 736 1067 783; x_wconf 91' lang='lat' dir='ltr'><strong>de</strong></span> <span class='ocrx_word' id='word_1_35' title='bbox 1101 752 1194 800; x_wconf 87' lang='lat' dir='ltr'><strong>qua</strong></span> <span class='ocrx_word' id='word_1_36' title='bbox 1234 737 1282 782; x_wconf 91' lang='lat' dir='ltr'><strong>in</strong></span> <span class='ocrx_word' id='word_1_37' title='bbox 1319 737 1643 802; x_wconf 90' lang='lat' dir='ltr'><strong>superioribus</strong></span> <span class='ocrx_word' id='word_1_38' title='bbox 1676 739 1945 799; x_wconf 86' lang='lat' dir='ltr'><strong>retulimus,</strong></span> 
     </span>
     <span class='ocr_line' id='line_1_7' title="bbox 538 814 1950 882; baseline 0.002 -20"><span class='ocrx_word' id='word_1_39' title='bbox 538 831 705 879; x_wconf 84' lang='lat' dir='ltr'><strong>quarn,</strong></span> <span class='ocrx_word' id='word_1_40' title='bbox 742 823 978 879; x_wconf 88' lang='lat' dir='ltr'><strong>superstes</strong></span> <span class='ocrx_word' id='word_1_41' title='bbox 1011 814 1060 860; x_wconf 93' lang='lat' dir='ltr'><strong>in</strong></span> <span class='ocrx_word' id='word_1_42' title='bbox 1103 814 1325 861; x_wconf 89' lang='lat' dir='ltr'><strong>humanis</strong></span> <span class='ocrx_word' id='word_1_43' title='bbox 1370 815 1600 879; x_wconf 89' lang='lat' dir='ltr'><strong>quamdiu</strong></span> <span class='ocrx_word' id='word_1_44' title='bbox 1641 816 1748 879; x_wconf 90' lang='lat' dir='ltr'><strong>fuit,</strong></span> <span class='ocrx_word' id='word_1_45' title='bbox 1789 826 1950 882; x_wconf 87' lang='lat' dir='ltr'><strong>aperta</strong></span> 
     </span>
     <span class='ocr_line' id='line_1_8' title="bbox 541 893 1952 960; baseline 0.001 -20"><span class='ocrx_word' id='word_1_46' title='bbox 541 893 881 957; x_wconf 81' lang='lat' dir='ltr'><strong>manifestaque</strong></span> <span class='ocrx_word' id='word_1_47' title='bbox 910 902 1106 957; x_wconf 86' lang='lat' dir='ltr'><strong>ruptura</strong></span> <span class='ocrx_word' id='word_1_48' title='bbox 1140 908 1388 956; x_wconf 88' lang='lat' dir='ltr'><strong>nunquam</strong></span> <span class='ocrx_word' id='word_1_49' title='bbox 1425 893 1643 953; x_wconf 78' lang='lat' dir='ltr'><strong>violavit3</strong></span> <span class='ocrx_word' id='word_1_50' title='bbox 1682 894 1765 941; x_wconf 90' lang='lat' dir='ltr'><strong>sed</strong></span> <span class='ocrx_word' id='word_1_51' title='bbox 1799 894 1952 960; x_wconf 89' lang='lat' dir='ltr'><strong>qualis</strong></span> 
     </span>
     <span class='ocr_line' id='line_1_9' title="bbox 539 969 1951 1032; baseline 0.003 -16"><span class='ocrx_word' id='word_1_52' title='bbox 539 971 809 1017; x_wconf 92' lang='lat' dir='ltr'><strong>animorum</strong></span> <span class='ocrx_word' id='word_1_53' title='bbox 850 969 1108 1016; x_wconf 89' lang='lat' dir='ltr'><strong>concordia</strong></span> <span class='ocrx_word' id='word_1_54' title='bbox 1152 985 1396 1032; x_wconf 88' lang='lat' dir='ltr'><strong>nexusque</strong></span> <span class='ocrx_word' id='word_1_55' title='bbox 1440 969 1585 1030; x_wconf 82' lang='lat' dir='ltr'><strong>soret,</strong></span> <span class='ocrx_word' id='word_1_56' title='bbox 1633 971 1793 1019; x_wconf 92' lang='lat' dir='ltr'><strong>multis</strong></span> <span class='ocrx_word' id='word_1_57' title='bbox 1837 987 1951 1019; x_wconf 85' lang='lat' dir='ltr'><strong>sane</strong></span> 
     </span>
     <span class='ocr_line' id='line_1_10' title="bbox 539 1047 1392 1110; baseline 0 -17"><span class='ocrx_word' id='word_1_58' title='bbox 539 1048 649 1094; x_wconf 88' lang='lat' dir='ltr'><strong>satis</strong></span> <span class='ocrx_word' id='word_1_59' title='bbox 671 1057 889 1093; x_wconf 82' lang='lat' dir='ltr'><strong>constare</strong></span> <span class='ocrx_word' id='word_1_60' title='bbox 909 1047 1063 1110; x_wconf 89' lang='lat' dir='ltr'><strong>potuit</strong></span> <span class='ocrx_word' id='word_1_61' title='bbox 1085 1047 1392 1109; x_wconf 89' lang='lat' dir='ltr'><strong>argumentis.</strong></span> 
     </span>
    </p>

    <p class='ocr_par' dir='ltr' id='par_1_3' title="bbox 533 1123 2020 2891">
     <span class='ocr_line' id='line_1_11' title="bbox 606 1123 1946 1190; baseline 0.002 -20"><span class='ocrx_word' id='word_1_62' title='bbox 606 1124 766 1186; x_wconf 87' lang='lat' dir='ltr'><strong>Igitur,</strong></span> <span class='ocrx_word' id='word_1_63' title='bbox 790 1123 1053 1169; x_wconf 88' lang='lat' dir='ltr'><strong>intermissa</strong></span> <span class='ocrx_word' id='word_1_64' title='bbox 1068 1123 1256 1170; x_wconf 86' lang='lat' dir='ltr'><strong>interim</strong></span> <span class='ocrx_word' id='word_1_65' title='bbox 1274 1123 1387 1170; x_wconf 85' lang='lat' dir='ltr'><strong>dicti</strong></span> <span class='ocrx_word' id='word_1_66' title='bbox 1403 1124 1567 1189; x_wconf 88' lang='lat' dir='ltr'><strong>oppidi</strong></span> <span class='ocrx_word' id='word_1_67' title='bbox 1583 1125 1946 1190; x_wconf 85' lang='lat' dir='ltr'><strong>expugnatione,</strong></span> 
     </span>
     <span class='ocr_line' id='line_1_12' title="bbox 540 1200 1954 1265; baseline 0.003 -19"><span class='ocrx_word' id='word_1_68' title='bbox 540 1202 673 1265; x_wconf 91' lang='lat' dir='ltr'><strong>quod</strong></span> <span class='ocrx_word' id='word_1_69' title='bbox 705 1210 802 1247; x_wconf 89' lang='lat' dir='ltr'><strong>tota</strong></span> <span class='ocrx_word' id='word_1_70' title='bbox 837 1200 1024 1264; x_wconf 90' lang='lat' dir='ltr'><strong>Anglica</strong></span> <span class='ocrx_word' id='word_1_71' title='bbox 1057 1201 1212 1258; x_wconf 87' lang='lat' dir='ltr'><strong>nati0,</strong></span> <span class='ocrx_word' id='word_1_72' title='bbox 1244 1218 1338 1265; x_wconf 88' lang='lat' dir='ltr'><strong>prae</strong></span> <span class='ocrx_word' id='word_1_73' title='bbox 1367 1203 1544 1248; x_wconf 90' lang='lat' dir='ltr'><strong>caeteris</strong></span> <span class='ocrx_word' id='word_1_74' title='bbox 1572 1201 1819 1264; x_wconf 87' lang='lat' dir='ltr'><strong>omnibus,</strong></span> <span class='ocrx_word' id='word_1_75' title='bbox 1846 1202 1954 1250; x_wconf 85' lang='lat' dir='ltr'><strong>cha-</strong></span> 
     </span>
     <span class='ocr_line' id='line_1_13' title="bbox 541 1278 2020 1343; baseline 0.002 -18"><span class='ocrx_word' id='word_1_76' title='bbox 541 1279 779 1326; x_wconf 89' lang='lat' dir='ltr'><strong>rissimum</strong></span> <span class='ocrx_word' id='word_1_77' title='bbox 816 1288 1002 1343; x_wconf 87' lang='lat' dir='ltr'><strong>semper</strong></span> <span class='ocrx_word' id='word_1_78' title='bbox 1042 1288 1087 1325; x_wconf 89' lang='lat' dir='ltr'><strong>et</strong></span> <span class='ocrx_word' id='word_1_79' title='bbox 1126 1278 1308 1341; x_wconf 88' lang='lat' dir='ltr'><strong>magnis</strong></span> <span class='ocrx_word' id='word_1_80' title='bbox 1353 1278 1603 1325; x_wconf 82' lang='lat' dir='ltr'><strong>defensum</strong></span> <span class='ocrx_word' id='word_1_81' title='bbox 1647 1280 1954 1328; x_wconf 85' lang='lat' dir='ltr'><strong>munimentis</strong></span> <span class='ocrx_word' id='word_1_82' title='bbox 2009 1323 2020 1338; x_wconf 79' lang='grc'><em>,</em></span> 
     </span>
     <span class='ocr_line' id='line_1_14' title="bbox 541 1348 1954 1420; baseline 0.002 -18"><span class='ocrx_word' id='word_1_83' title='bbox 541 1356 859 1420; x_wconf 71' lang='lat' dir='ltr'><strong>praesidiisque</strong></span> <span class='ocrx_word' id='word_1_84' title='bbox 903 1355 1067 1401; x_wconf 83' lang='lat' dir='ltr'><strong>fultum</strong></span> <span class='ocrx_word' id='word_1_85' title='bbox 1102 1348 1396 1402; x_wconf 45' lang='lat' dir='ltr'><strong>&#39;militaribus</strong></span> <span class='ocrx_word' id='word_1_86' title='bbox 1436 1356 1778 1404; x_wconf 87' lang='lat' dir='ltr'><strong>studiosissime</strong></span> <span class='ocrx_word' id='word_1_87' title='bbox 1806 1373 1954 1405; x_wconf 84' lang='lat' dir='ltr'><strong>asser·</strong></span> 
     </span>
     <span class='ocr_line' id='line_1_15' title="bbox 541 1431 1956 1494; baseline 0.003 -15"><span class='ocrx_word' id='word_1_88' title='bbox 541 1443 637 1494; x_wconf 88' lang='lat' dir='ltr'><strong>vat,</strong></span> <span class='ocrx_word' id='word_1_89' title='bbox 679 1433 889 1479; x_wconf 87' lang='lat' dir='ltr'><strong>hibernis</strong></span> <span class='ocrx_word' id='word_1_90' title='bbox 918 1431 1160 1478; x_wconf 91' lang='lat' dir='ltr'><strong>mensibus</strong></span> <span class='ocrx_word' id='word_1_91' title='bbox 1188 1432 1386 1493; x_wconf 86' lang='lat' dir='ltr'><strong>exactis,</strong></span> <span class='ocrx_word' id='word_1_92' title='bbox 1415 1435 1707 1481; x_wconf 77' lang='lat' dir='ltr'><strong>Francorum</strong></span> <span class='ocrx_word' id='word_1_93' title='bbox 1737 1451 1817 1482; x_wconf 85' lang='lat' dir='ltr'><strong>rex</strong></span> <span class='ocrx_word' id='word_1_94' title='bbox 1843 1437 1956 1483; x_wconf 90' lang='lat' dir='ltr'><strong>Bur-</strong></span> 
     </span>
     <span class='ocr_line' id='line_1_16' title="bbox 541 1509 1956 1576; baseline 0.003 -19"><span class='ocrx_word' id='word_1_95' title='bbox 541 1509 755 1574; x_wconf 89' lang='lat' dir='ltr'><strong>degalam</strong></span> <span class='ocrx_word' id='word_1_96' title='bbox 786 1519 832 1556; x_wconf 91' lang='lat' dir='ltr'><strong>et</strong></span> <span class='ocrx_word' id='word_1_97' title='bbox 868 1509 1109 1557; x_wconf 86' lang='lat' dir='ltr'><strong>Vasconiae</strong></span> <span class='ocrx_word' id='word_1_98' title='bbox 1148 1519 1322 1569; x_wconf 86' lang='lat' dir='ltr'><strong>terras,</strong></span> <span class='ocrx_word' id='word_1_99' title='bbox 1369 1526 1487 1574; x_wconf 91' lang='lat' dir='ltr'><strong>quas</strong></span> <span class='ocrx_word' id='word_1_100' title='bbox 1527 1511 1787 1576; x_wconf 86' lang='lat' dir='ltr'><strong>Anglorum</strong></span> <span class='ocrx_word' id='word_1_101' title='bbox 1823 1529 1956 1576; x_wconf 84' lang='lat' dir='ltr'><strong>reges</strong></span> 
     </span>
     <span class='ocr_line' id='line_1_17' title="bbox 542 1587 2012 1654; baseline 0.003 -21"><span class='ocrx_word' id='word_1_102' title='bbox 542 1587 800 1634; x_wconf 88' lang='lat' dir='ltr'><strong>inveterata</strong></span> <span class='ocrx_word' id='word_1_103' title='bbox 819 1587 916 1650; x_wconf 89' lang='lat' dir='ltr'><strong>jam</strong></span> <span class='ocrx_word' id='word_1_104' title='bbox 939 1587 1236 1651; x_wconf 88' lang='lat' dir='ltr'><strong>possessione</strong></span> <span class='ocrx_word' id='word_1_105' title='bbox 1266 1596 1539 1647; x_wconf 90' lang='lat' dir='ltr'><strong>tenuerant,</strong></span> <span class='ocrx_word' id='word_1_106' title='bbox 1569 1597 1616 1635; x_wconf 91' lang='lat' dir='ltr'><strong>et</strong></span> <span class='ocrx_word' id='word_1_107' title='bbox 1638 1589 1780 1654; x_wconf 75' lang='lat' dir='ltr'><strong>supra</strong></span> <span class='ocrx_word' id='word_1_108' title='bbox 1801 1604 1955 1637; x_wconf 87' lang='lat' dir='ltr'><strong>anno·</strong></span> <span class='ocrx_word' id='word_1_109' title='bbox 1999 1591 2012 1602; x_wconf 73' lang='lat'><strong>&#39;</strong></span> 
     </span>
     <span class='ocr_line' id='line_1_18' title="bbox 543 1664 1957 1730; baseline 0.001 -17"><span class='ocrx_word' id='word_1_110' title='bbox 543 1683 648 1713; x_wconf 86' lang='lat' dir='ltr'><strong>rum</strong></span> <span class='ocrx_word' id='word_1_111' title='bbox 700 1666 1016 1713; x_wconf 91' lang='lat' dir='ltr'><strong>ducentorum</strong></span> <span class='ocrx_word' id='word_1_112' title='bbox 1068 1674 1114 1711; x_wconf 92' lang='lat' dir='ltr'><strong>et</strong></span> <span class='ocrx_word' id='word_1_113' title='bbox 1163 1664 1477 1728; x_wconf 86' lang='lat' dir='ltr'><strong>quadraginta</strong></span> <span class='ocrx_word' id='word_1_114' title='bbox 1527 1666 1758 1730; x_wconf 89' lang='lat' dir='ltr'><strong>spatium,</strong></span> <span class='ocrx_word' id='word_1_115' title='bbox 1813 1667 1957 1714; x_wconf 81' lang='lat' dir='ltr'><strong>armis</strong></span> 
     </span>
     <span class='ocr_line' id='line_1_19' title="bbox 543 1741 1956 1807; baseline 0.001 -17"><span class='ocrx_word' id='word_1_116' title='bbox 543 1742 736 1807; x_wconf 86' lang='lat' dir='ltr'><strong>aggredi</strong></span> <span class='ocrx_word' id='word_1_117' title='bbox 761 1752 808 1789; x_wconf 93' lang='lat' dir='ltr'><strong>et</strong></span> <span class='ocrx_word' id='word_1_118' title='bbox 831 1742 891 1789; x_wconf 91' lang='lat' dir='ltr'><strong>ab</strong></span> <span class='ocrx_word' id='word_1_119' title='bbox 916 1742 1028 1807; x_wconf 91' lang='lat' dir='ltr'><strong>ipsis</strong></span> <span class='ocrx_word' id='word_1_120' title='bbox 1051 1741 1234 1788; x_wconf 89' lang='lat' dir='ltr'><strong>auferre</strong></span> <span class='ocrx_word' id='word_1_121' title='bbox 1254 1742 1455 1805; x_wconf 89' lang='lat' dir='ltr'><strong>Anglicis</strong></span> <span class='ocrx_word' id='word_1_122' title='bbox 1476 1743 1735 1791; x_wconf 87' lang='lat' dir='ltr'><strong>constituit.</strong></span> <span class='ocrx_word' id='word_1_123' title='bbox 1763 1745 1820 1791; x_wconf 86' lang='lat' dir='ltr'><strong>Et</strong></span> <span class='ocrx_word' id='word_1_124' title='bbox 1843 1743 1956 1807; x_wconf 87' lang='lat' dir='ltr'><strong>quia</strong></span> 
     </span>
     <span class='ocr_line' id='line_1_20' title="bbox 542 1819 1957 1884; baseline 0.001 -18"><span class='ocrx_word' id='word_1_125' title='bbox 542 1836 630 1884; x_wconf 90' lang='lat' dir='ltr'><strong>per</strong></span> <span class='ocrx_word' id='word_1_126' title='bbox 676 1819 980 1883; x_wconf 88' lang='lat' dir='ltr'><strong>semetipsum</strong></span> <span class='ocrx_word' id='word_1_127' title='bbox 1024 1833 1196 1881; x_wconf 85' lang='lat' dir='ltr'><strong>magna</strong></span> <span class='ocrx_word' id='word_1_128' title='bbox 1240 1833 1298 1864; x_wconf 90' lang='lat' dir='ltr'><strong>ex</strong></span> <span class='ocrx_word' id='word_1_129' title='bbox 1334 1828 1467 1882; x_wconf 86' lang='lat' dir='ltr'><strong>parte</strong></span> <span class='ocrx_word' id='word_1_130' title='bbox 1512 1829 1792 1884; x_wconf 78' lang='lat' dir='ltr'><strong>praesentem</strong></span> <span class='ocrx_word' id='word_1_131' title='bbox 1843 1822 1957 1867; x_wconf 82' lang='lat' dir='ltr'><strong>Nor-</strong></span> 
     </span>
     <span class='ocr_line' id='line_1_21' title="bbox 543 1894 1955 1961; baseline 0.001 -18"><span class='ocrx_word' id='word_1_132' title='bbox 543 1897 763 1944; x_wconf 88' lang='lat' dir='ltr'><strong>mannica</strong></span> <span class='ocrx_word' id='word_1_133' title='bbox 809 1896 1032 1943; x_wconf 91' lang='lat' dir='ltr'><strong>adversus</strong></span> <span class='ocrx_word' id='word_1_134' title='bbox 1076 1894 1272 1942; x_wconf 91' lang='lat' dir='ltr'><strong>eosdem</strong></span> <span class='ocrx_word' id='word_1_135' title='bbox 1311 1896 1549 1961; x_wconf 86' lang='lat' dir='ltr'><strong>expeditio</strong></span> <span class='ocrx_word' id='word_1_136' title='bbox 1591 1896 1769 1944; x_wconf 91' lang='lat' dir='ltr'><strong>directa</strong></span> <span class='ocrx_word' id='word_1_137' title='bbox 1812 1895 1955 1944; x_wconf 84' lang='lat' dir='ltr'><strong>felici-</strong></span> 
     </span>
     <span class='ocr_line' id='line_1_22' title="bbox 543 1972 1957 2038; baseline 0 -18"><span class='ocrx_word' id='word_1_138' title='bbox 543 1983 707 2038; x_wconf 86' lang='lat' dir='ltr'><strong>terque</strong></span> <span class='ocrx_word' id='word_1_139' title='bbox 755 1982 1086 2019; x_wconf 90' lang='lat' dir='ltr'><strong>consummata</strong></span> <span class='ocrx_word' id='word_1_140' title='bbox 1126 1972 1277 2019; x_wconf 88' lang='lat' dir='ltr'><strong>fuerat</strong></span> <span class='ocrx_word' id='word_1_141' title='bbox 1318 1972 1607 2035; x_wconf 89' lang='lat' dir='ltr'><strong>(ministerio</strong></span> <span class='ocrx_word' id='word_1_142' title='bbox 1652 1982 1809 2020; x_wconf 88' lang='lat' dir='ltr'><strong>tamen</strong></span> <span class='ocrx_word' id='word_1_143' title='bbox 1854 1973 1957 2038; x_wconf 91' lang='lat' dir='ltr'><strong>plu-</strong></span> 
     </span>
     <span class='ocr_line' id='line_1_23' title="bbox 542 2050 1957 2116; baseline 0.001 -19"><span class='ocrx_word' id='word_1_144' title='bbox 542 2052 718 2097; x_wconf 89' lang='lat' dir='ltr'><strong>rimum</strong></span> <span class='ocrx_word' id='word_1_145' title='bbox 740 2051 929 2097; x_wconf 88' lang='lat' dir='ltr'><strong>illustris</strong></span> <span class='ocrx_word' id='word_1_146' title='bbox 951 2051 1139 2097; x_wconf 92' lang='lat' dir='ltr'><strong>comitis</strong></span> <span class='ocrx_word' id='word_1_147' title='bbox 1164 2050 1400 2097; x_wconf 90' lang='lat' dir='ltr'><strong>Dunensis</strong></span> <span class='ocrx_word' id='word_1_148' title='bbox 1414 2086 1426 2107; x_wconf 90' lang='lat'>‚</span> <span class='ocrx_word' id='word_1_149' title='bbox 1449 2051 1531 2114; x_wconf 91' lang='lat' dir='ltr'><strong>qui</strong></span> <span class='ocrx_word' id='word_1_150' title='bbox 1556 2059 1802 2098; x_wconf 85' lang='lat' dir='ltr'><strong>exsecutor</strong></span> <span class='ocrx_word' id='word_1_151' title='bbox 1821 2067 1957 2116; x_wconf 88' lang='lat' dir='ltr'><strong>paene</strong></span> 
     </span>
     <span class='ocr_line' id='line_1_24' title="bbox 547 2128 1955 2194; baseline 0.001 -19"><span class='ocrx_word' id='word_1_152' title='bbox 547 2129 722 2193; x_wconf 89' lang='lat' dir='ltr'><strong>ubique</strong></span> <span class='ocrx_word' id='word_1_153' title='bbox 746 2128 971 2188; x_wconf 86' lang='lat' dir='ltr'><strong>idoneus,</strong></span> <span class='ocrx_word' id='word_1_154' title='bbox 1004 2128 1203 2176; x_wconf 91' lang='lat' dir='ltr'><strong>consilio</strong></span> <span class='ocrx_word' id='word_1_155' title='bbox 1232 2144 1372 2192; x_wconf 87' lang='lat' dir='ltr'><strong>sagax</strong></span> <span class='ocrx_word' id='word_1_156' title='bbox 1393 2144 1448 2175; x_wconf 90' lang='lat' dir='ltr'><strong>ac</strong></span> <span class='ocrx_word' id='word_1_157' title='bbox 1467 2128 1721 2193; x_wconf 90' lang='lat' dir='ltr'><strong>providus,</strong></span> <span class='ocrx_word' id='word_1_158' title='bbox 1746 2138 1887 2194; x_wconf 87' lang='lat' dir='ltr'><strong>atque</strong></span> <span class='ocrx_word' id='word_1_159' title='bbox 1906 2130 1955 2177; x_wconf 92' lang='lat' dir='ltr'><strong>in</strong></span> 
     </span>
     <span class='ocr_line' id='line_1_25' title="bbox 543 2206 1953 2272; baseline 0.002 -19"><span class='ocrx_word' id='word_1_160' title='bbox 543 2207 810 2254; x_wconf 87' lang='lat' dir='ltr'><strong>interventu</strong></span> <span class='ocrx_word' id='word_1_161' title='bbox 858 2217 1076 2254; x_wconf 90' lang='lat' dir='ltr'><strong>strenuus</strong></span> <span class='ocrx_word' id='word_1_162' title='bbox 1127 2223 1315 2271; x_wconf 89' lang='lat' dir='ltr'><strong>semper</strong></span> <span class='ocrx_word' id='word_1_163' title='bbox 1361 2206 1509 2261; x_wconf 85' lang='lat' dir='ltr'><strong>fuerat</strong></span> <span class='ocrx_word' id='word_1_164' title='bbox 1553 2207 1953 2272; x_wconf 87' lang='lat' dir='ltr'><strong>comprobatus),</strong></span> 
     </span>
     <span class='ocr_line' id='line_1_26' title="bbox 533 2284 1958 2350; baseline 0.004 -21"><span class='ocrx_word' id='word_1_165' title='bbox 533 2284 708 2331; x_wconf 76' lang='lat' dir='ltr'><strong>‘voleus</strong></span> <span class='ocrx_word' id='word_1_166' title='bbox 733 2285 874 2331; x_wconf 90' lang='lat' dir='ltr'><strong>etiam</strong></span> <span class='ocrx_word' id='word_1_167' title='bbox 907 2293 1090 2349; x_wconf 90' lang='lat' dir='ltr'><strong>partam</strong></span> <span class='ocrx_word' id='word_1_168' title='bbox 1117 2293 1162 2330; x_wconf 91' lang='lat' dir='ltr'><strong>et</strong></span> <span class='ocrx_word' id='word_1_169' title='bbox 1187 2294 1513 2348; x_wconf 80' lang='lat' dir='ltr'><strong>recuperatam</strong></span> <span class='ocrx_word' id='word_1_170' title='bbox 1544 2285 1695 2350; x_wconf 88' lang='lat' dir='ltr'><strong>ipsam</strong></span> <span class='ocrx_word' id='word_1_171' title='bbox 1729 2289 1958 2335; x_wconf 82' lang='lat' dir='ltr'><strong>Norman-</strong></span> 
     </span>
     <span class='ocr_line' id='line_1_27' title="bbox 544 2361 1957 2428; baseline 0.003 -20"><span class='ocrx_word' id='word_1_172' title='bbox 544 2361 672 2408; x_wconf 90' lang='lat' dir='ltr'><strong>niam</strong></span> <span class='ocrx_word' id='word_1_173' title='bbox 697 2378 782 2426; x_wconf 90' lang='lat' dir='ltr'><strong>per</strong></span> <span class='ocrx_word' id='word_1_174' title='bbox 805 2378 854 2408; x_wconf 84' lang='lat' dir='ltr'><strong>se</strong></span> <span class='ocrx_word' id='word_1_175' title='bbox 883 2362 1026 2408; x_wconf 88' lang='lat' dir='ltr'><strong>tutari</strong></span> <span class='ocrx_word' id='word_1_176' title='bbox 1050 2377 1104 2407; x_wconf 90' lang='lat' dir='ltr'><strong>ac</strong></span> <span class='ocrx_word' id='word_1_177' title='bbox 1133 2361 1410 2419; x_wconf 89' lang='lat' dir='ltr'><strong>defendere,</strong></span> <span class='ocrx_word' id='word_1_178' title='bbox 1441 2362 1478 2408; x_wconf 88' lang='lat' dir='ltr'><strong>si</strong></span> <span class='ocrx_word' id='word_1_179' title='bbox 1507 2361 1668 2410; x_wconf 91' lang='lat' dir='ltr'><strong>hostes</strong></span> <span class='ocrx_word' id='word_1_180' title='bbox 1700 2363 1796 2428; x_wconf 89' lang='lat' dir='ltr'><strong>(uti</strong></span> <span class='ocrx_word' id='word_1_181' title='bbox 1813 2363 1957 2428; x_wconf 86' lang='lat' dir='ltr'><strong>vulgo</strong></span> 
     </span>
     <span class='ocr_line' id='line_1_28' title="bbox 544 2438 1959 2503; baseline 0.004 -19"><span class='ocrx_word' id='word_1_182' title='bbox 544 2438 754 2485; x_wconf 88' lang='lat' dir='ltr'><strong>futurum</strong></span> <span class='ocrx_word' id='word_1_183' title='bbox 769 2438 1063 2501; x_wconf 87' lang='lat' dir='ltr'><strong>jactabatur)</strong></span> <span class='ocrx_word' id='word_1_184' title='bbox 1084 2439 1233 2502; x_wconf 90' lang='lat' dir='ltr'><strong>ipsam</strong></span> <span class='ocrx_word' id='word_1_185' title='bbox 1251 2438 1421 2485; x_wconf 87' lang='lat' dir='ltr'><strong>iterum</strong></span> <span class='ocrx_word' id='word_1_186' title='bbox 1443 2439 1625 2503; x_wconf 88' lang='lat' dir='ltr'><strong>ingredi</strong></span> <span class='ocrx_word' id='word_1_187' title='bbox 1641 2457 1723 2488; x_wconf 88' lang='lat' dir='ltr'><strong>seu</strong></span> <span class='ocrx_word' id='word_1_188' title='bbox 1738 2441 1959 2490; x_wconf 83' lang='lat' dir='ltr'><strong>infestare</strong></span> 
     </span>
     <span class='ocr_line' id='line_1_29' title="bbox 543 2515 1958 2583; baseline 0.003 -21"><span class='ocrx_word' id='word_1_189' title='bbox 543 2525 835 2578; x_wconf 88' lang='lat' dir='ltr'><strong>satagerent,</strong></span> <span class='ocrx_word' id='word_1_190' title='bbox 861 2515 1213 2579; x_wconf 84' lang='lat' dir='ltr'><strong>expeditionem</strong></span> <span class='ocrx_word' id='word_1_191' title='bbox 1244 2515 1569 2579; x_wconf 87' lang='lat' dir='ltr'><strong>Aquitanicam</strong></span> <span class='ocrx_word' id='word_1_192' title='bbox 1596 2527 1762 2565; x_wconf 88' lang='lat' dir='ltr'><strong>contra</strong></span> <span class='ocrx_word' id='word_1_193' title='bbox 1785 2517 1958 2583; x_wconf 87' lang='lat' dir='ltr'><strong>Anglos</strong></span> 
     </span>
     <span class='ocr_line' id='line_1_30' title="bbox 543 2592 1957 2661; baseline 0.003 -21"><span class='ocrx_word' id='word_1_194' title='bbox 543 2603 589 2640; x_wconf 92' lang='lat' dir='ltr'><strong>et</strong></span> <span class='ocrx_word' id='word_1_195' title='bbox 628 2596 886 2651; x_wconf 89' lang='lat' dir='ltr'><strong>Vascones,</strong></span> <span class='ocrx_word' id='word_1_196' title='bbox 925 2592 1103 2639; x_wconf 89' lang='lat' dir='ltr'><strong>eisdem</strong></span> <span class='ocrx_word' id='word_1_197' title='bbox 1140 2592 1339 2656; x_wconf 87' lang='lat' dir='ltr'><strong>Anglicis</strong></span> <span class='ocrx_word' id='word_1_198' title='bbox 1373 2604 1516 2658; x_wconf 90' lang='lat' dir='ltr'><strong>atque</strong></span> <span class='ocrx_word' id='word_1_199' title='bbox 1551 2611 1720 2642; x_wconf 85' lang='lat' dir='ltr'><strong>eorum</strong></span> <span class='ocrx_word' id='word_1_200' title='bbox 1755 2595 1957 2661; x_wconf 88' lang='lat' dir='ltr'><strong>imperio</strong></span> 
     </span>
     <span class='ocr_line' id='line_1_31' title="bbox 543 2669 1955 2734; baseline 0.004 -17"><span class='ocrx_word' id='word_1_201' title='bbox 543 2671 767 2734; x_wconf 87' lang='lat' dir='ltr'><strong>singulari</strong></span> <span class='ocrx_word' id='word_1_202' title='bbox 801 2670 1050 2718; x_wconf 83' lang='lat' dir='ltr'><strong>affectione</strong></span> <span class='ocrx_word' id='word_1_203' title='bbox 1085 2669 1398 2731; x_wconf 78' lang='lat' dir='ltr'><strong>cohaerentes,</strong></span> <span class='ocrx_word' id='word_1_204' title='bbox 1432 2673 1595 2719; x_wconf 93' lang='lat' dir='ltr'><strong>comiti</strong></span> <span class='ocrx_word' id='word_1_205' title='bbox 1628 2672 1955 2733; x_wconf 88' lang='lat' dir='ltr'><strong>Clarimontis,</strong></span> 
     </span>
     <span class='ocr_line' id='line_1_32' title="bbox 543 2745 1958 2809; baseline 0.004 -16"><span class='ocrx_word' id='word_1_206' title='bbox 543 2746 642 2793; x_wconf 82' lang='lat' dir='ltr'><strong>filio</strong></span> <span class='ocrx_word' id='word_1_207' title='bbox 678 2747 811 2794; x_wconf 89' lang='lat' dir='ltr'><strong>ducis</strong></span> <span class='ocrx_word' id='word_1_208' title='bbox 850 2745 1099 2806; x_wconf 88' lang='lat' dir='ltr'><strong>Borbonii,</strong></span> <span class='ocrx_word' id='word_1_209' title='bbox 1145 2762 1320 2809; x_wconf 89' lang='lat' dir='ltr'><strong>genero</strong></span> <span class='ocrx_word' id='word_1_210' title='bbox 1360 2764 1472 2808; x_wconf 90' lang='lat' dir='ltr'><strong>suo,</strong></span> <span class='ocrx_word' id='word_1_211' title='bbox 1514 2758 1560 2796; x_wconf 84' lang='lat' dir='ltr'><strong>et</strong></span> <span class='ocrx_word' id='word_1_212' title='bbox 1594 2749 1750 2797; x_wconf 84' lang='lat' dir='ltr'><strong>eidem</strong></span> <span class='ocrx_word' id='word_1_213' title='bbox 1790 2749 1958 2798; x_wconf 78' lang='lat' dir='ltr'><strong>illustri</strong></span> 
     </span>
     <span class='ocr_line' id='line_1_33' title="bbox 542 2823 1956 2891; baseline 0.003 -20"><span class='ocrx_word' id='word_1_214' title='bbox 542 2825 706 2871; x_wconf 89' lang='lat' dir='ltr'><strong>comiti</strong></span> <span class='ocrx_word' id='word_1_215' title='bbox 723 2825 932 2871; x_wconf 87' lang='lat' dir='ltr'><strong>Dunensi</strong></span> <span class='ocrx_word' id='word_1_216' title='bbox 949 2824 1201 2870; x_wconf 87' lang='lat' dir='ltr'><strong>commisit.</strong></span> <span class='ocrx_word' id='word_1_217' title='bbox 1223 2823 1406 2880; x_wconf 89' lang='lat' dir='ltr'><strong>Quibus</strong></span> <span class='ocrx_word' id='word_1_218' title='bbox 1426 2835 1473 2872; x_wconf 91' lang='lat' dir='ltr'><strong>et</strong></span> <span class='ocrx_word' id='word_1_219' title='bbox 1496 2826 1741 2891; x_wconf 90' lang='lat' dir='ltr'><strong>copiarum</strong></span> <span class='ocrx_word' id='word_1_220' title='bbox 1763 2843 1956 2875; x_wconf 84' lang='lat' dir='ltr'><strong>suarum</strong></span> 
     </span>
    </p>
   </div>
  </div>
 </body>
</html>
