2086 3528
757 334 907 373 LIBER
935 335 1163 382 QUINTUS.
1604 342 1680 379 287

261 416 323 471 de
344 415 543 470 ecclesia
565 415 826 468 Morinensi
859 416 921 464 ad
950 418 1296 482 Trajectensem
1315 434 1623 486 promoverat
1639 426 1651 478 ξ
1666 461 1679 485 ,

259 493 444 546 nollent
476 493 797 558 Trajectenses
832 494 1067 559 recipere,
1111 506 1162 544 ut
1197 513 1280 545 eos
1316 497 1380 546 ad
1410 501 1683 564 parendum

260 573 536 641 apostolicis
559 572 763 621 decretis
778 611 791 635 ,
814 574 890 622 vel
911 574 1008 621 suis
1030 575 1193 639 potius
1215 576 1487 641 desideriis,
1513 580 1683 628 sicum

259 667 379 718 pace
401 650 611 713 nollent,
634 652 812 699 invitos
845 661 893 699 et
922 652 1155 708 coercitos
1183 653 1459 703 adduceret.
1493 657 1682 713 Electus

260 746 437 796 nempe
459 747 585 778 unus
607 730 760 779 fuerat
792 730 1075 795 praepositus
1111 730 1326 795 ejusdem
1350 733 1558 788 ecclesiae
1576 772 1588 794 ‚
1622 752 1678 783 ex

261 809 459 880 antiqua
471 809 696 874 prosapia
711 802 1023 857 dominorum
1047 808 1168 857 illius
1185 818 1336 873 terrae,
1356 823 1680 875 cognomento

259 885 514 946 Brerode’,
551 886 628 932 cui
656 886 974 950 'l‘rajectenses
1008 895 1054 932 et
1076 886 1296 934 Frisones
1319 887 1525 949 multum
1547 889 1682 938 vide-

259 962 437 1014 bantur
464 962 810 1011 benevolentiae
831 980 887 1012 ac
921 963 1094 1012 favoris
1115 963 1412 1029 impendere.
1444 968 1565 1013 Cum
1595 983 1680 1014 au-

261 1050 358 1095 tem
385 1039 448 1089 de
471 1040 681 1106 adventu
703 1041 851 1106 ipsius
874 1041 1100 1106 Delphini
1130 1041 1259 1089 idem
1285 1044 1682 1106 Burgundionum

259 1118 359 1170 dux
381 1119 432 1169 in
455 1112 625 1180 Frisia,
649 1119 732 1167 ubi
754 1119 948 1184 agebat,
976 1120 1150 1168 certior
1171 1119 1332 1168 suis'set
1350 1121 1522 1182 factus,
1545 1140 1680 1170 man-

261 1196 393 1247 davit
413 1213 524 1245 eum
549 1198 684 1246 omni
705 1214 816 1253 cum
839 1197 1028 1247 honore
1051 1206 1194 1262 atque
1217 1197 1514 1256 humanitate
1535 1201 1682 1266 recipi

259 1290 347 1340 per
369 1291 481 1324 suos
503 1284 552 1322 et
572 1275 793 1334 tractari,
812 1284 860 1322 et
876 1285 930 1322 ut
951 1275 1052 1339 ejus
1074 1275 1283 1325 reditum
1301 1276 1361 1324 de
1386 1278 1531 1326 Frisia
1552 1280 1682 1344 apud

261 1352 530 1405 Bruxellam
564 1354 838 1419 ‚operiretur
859 1389 872 1414 ,
917 1353 1205 1419 interimque
1240 1354 1328 1402 sibi
1367 1373 1682 1423 quaecumque

260 1447 364 1485 non
407 1431 559 1480 modo
602 1431 896 1494 necessitati,
937 1431 1023 1480 sed
1057 1431 1291 1498 voluptati
1328 1449 1429 1481 esse
1459 1445 1678 1499 possent,

261 1510 554 1576 amplissime
575 1510 849 1559 ministrari.

326 1589 644 1637 Postmodum
667 1605 781 1637 vero
804 1604 1020 1636 reversus
1039 1587 1168 1636 idem
1191 1587 1289 1636 dux
1319 1587 1380 1635 de
1403 1588 1549 1636 Frisia
1565 1627 1577 1651 ,
1606 1607 1682 1638 re-

260 1667 351 1716 bus
391 1683 483 1733 pro
518 1665 694 1731 quibus
733 1665 815 1712 illo
857 1664 1008 1719 fuerat
1044 1665 1284 1730 profectus
1319 1666 1598 1730 compositis
1635 1677 1682 1716 et

259 1746 464 1812 peractis
481 1782 494 1807 ,
526 1761 639 1792 cum
672 1753 916 1793 tantorum
947 1742 1239 1791 exhibitione
1269 1742 1513 1791 bonorum
1547 1761 1682 1792 eum-

261 1823 373 1883 dem
392 1822 648 1871 dominum
670 1821 962 1886 Delphinum
985 1821 1170 1886 excepit
1191 1830 1239 1869 et
1256 1821 1487 1869 reveritus
1513 1832 1605 1882 est,
1630 1832 1684 1869 ut

261 1918 363 1950 non
396 1900 532 1948 facile
555 1900 748 1948 mortali
770 1899 910 1947 alicui
938 1899 1145 1964 principi
1167 1898 1401 1964 ampliora
1424 1899 1530 1963 quis
1551 1900 1684 1947 exhi-

260 1979 377 2028 here
398 1988 577 2045 posset.
606 1981 717 2027 Erat
736 1978 865 2026 enim
888 1988 1059 2026 natura
1084 1977 1365 2042 magnificus
1386 1986 1435 2026 et
1455 1977 1684 2027 honesta-

261 2058 345 2119 tis,
370 2067 476 2106 tum
501 2057 562 2105 ad
586 2073 754 2104 omnes
788 2067 893 2104 tum
922 2057 1128 2104 maxime
1150 2056 1212 2104 ad
1240 2073 1441 2120 magnos
1475 2066 1523 2104 et
1556 2058 1685 2106 illus-

261 2145 386 2199 tres,
412 2135 891 2195 observantissimus3
926 2134 1056 2183 unde
1086 2151 1337 2198 nunquam
1364 2134 1427 2181 ad
1459 2136 1683 2193 eumdem

263 2212 517 2262 dominum
537 2211 832 2278 Delphinum
857 2212 944 2276 (eo
968 2211 1103 2276 quod
1128 2212 1475 2277 primogenitus
1497 2212 1683 2260 domini

263 2291 335 2339 sui
368 2294 662 2339 Francorum
696 2290 818 2355 regis
853 2299 978 2350 erat,
1005 2299 1052 2337 et
1085 2290 1193 2354 qui,
1219 2299 1407 2338 servato
1436 2293 1685 2343 communi

265 2368 436 2418 ordine
457 2378 638 2416 naturae
654 2405 666 2428 ,
692 2367 907 2432 ejusdem
928 2367 1078 2415 haeres
1098 2377 1168 2428 et,
1199 2384 1286 2433 per
1310 2368 1406 2416 hoc
1421 2407 1433 2429 ,
1458 2369 1685 2416 dominus

265 2463 379 2494 suus
418 2446 606 2494 futurus
651 2446 966 2512 sperabatur)
1009 2446 1206 2493 accessit
1243 2446 1320 2493 vel
1359 2447 1548 2497 locutus
1590 2456 1681 2507 est,

265 2524 373 2580 nisi,
401 2541 514 2572 cum
533 2523 865 2589 genuflexione
883 2524 1060 2589 praevia
1081 2561 1092 2584 ‚
1118 2534 1261 2589 caput
1286 2524 1429 2579 etiam
1449 2524 1682 2571 nudatum

266 2601 476 2650 haberet.
501 2600 810 2658 Existimabat
832 2602 962 2649 enim
978 2640 991 2659 ‚
1008 2602 1142 2666 juxta
1163 2603 1446 2650 sententiam
1471 2601 1686 2667 philoso-

320 2782 360 2820 1.
389 2779 512 2825 David
525 2808 536 2827 ‚
556 2779 705 2830 eve-que
726 2779 948 2830 d'Utrecht‚
970 2779 1047 2826 ami
1064 2778 1287 2831 particulier
1305 2777 1355 2816 de
1371 2777 1534 2821 Thomas
1554 2778 1682 2817 Basin.

322 2841 360 2877 2.
394 2838 544 2879 Gilbert
563 2839 611 2878 de
629 2839 860 2878 Brederode.
