2086 3528
476 331 553 369 296
863 327 1204 369 HISTORIARUM
1232 327 1413 366 CAROLI
1440 327 1510 366 vn

928 509 1270 555 CAPITULUM
1305 510 1428 556 XVI.

476 633 636 679 Qualiter
651 633 815 677 Carolus,
831 633 1052 668 Francorum
1066 645 1127 668 rex
1139 659 1149 676 ,
1169 645 1251 667 cum
1267 632 1437 676 Henrico,
1449 631 1648 680 Anglorum
1663 644 1759 680 rege,
1771 637 1899 680 nepote

523 701 607 732 suo,
628 687 761 723 foedera
783 688 917 723 hahere
942 688 1143 731 inchoavit;
1161 695 1196 722 et
1215 699 1293 734 quae
1313 686 1478 722 eumdem
1501 687 1694 723 Henricum
1712 694 1900 735 propterea

525 741 703 778 calamitas
722 742 767 776 sit
780 750 911 776 secuta.

543 860 639 904 Nec
661 873 776 905 vero
795 894 809 919 ,
835 867 907 905 tot
927 857 1130 922 ligantiis
1153 856 1366 921 undique
1389 856 1667 921 conquisitis
1685 855 1901 922 (praeser-

478 935 564 982 tim
597 953 709 983 cum
748 935 878 983 illam
911 935 1162 982 maximam
1203 944 1249 982 et
1271 934 1610 982 validissimam
1646 951 1758 982 cum
1791 949 1902 997 rege

478 1016 817 1077 Hungarorum
831 1013 1062 1073 habitam,
1087 1029 1220 1078 paene
1242 1021 1294 1059 ut
1317 1022 1466 1077 caepta
1482 1022 1600 1074 erat,
1621 1012 1902 1060 exstinctam

480 1090 623 1138 fuisse
640 1091 965 1156 conspiceret)
981 1107 1068 1138 suo
1088 1099 1315 1156 reputans
1337 1090 1574 1138 desiderio
1594 1089 1900 1147 satisfactum,

480 1169 625 1215 etiam
675 1185 788 1216 cum
833 1168 1095 1232 Anglorum
1137 1185 1245 1233 rege
1289 1168 1499 1215 Henrico
1522 1203 1534 1226 ,
1582 1167 1760 1214 sororis
1809 1182 1905 1214 suae

481 1246 580 1294 filio
609 1247 719 1312 (qui
760 1248 993 1295 Henricus
1034 1248 1178 1295 etiam
1219 1247 1527 1294 matrimonio
1574 1245 1776 1292 duxerat
1811 1259 1906 1292 suae

479 1325 696 1389 conjugis
725 1335 943 1390 neptem,
978 1324 1123 1372 filiam
1160 1326 1349 1387 Renati,
1377 1325 1500 1389 regis
1541 1324 1734 1383 Siciliae,
1760 1326 1908 1370 Fran-

480 1418 647 1448 corum
672 1403 845 1466 reginae
869 1402 1068 1466 fratris),
1094 1402 1354 1450 amicitiam
1385 1402 1628 1466 quaesivit3
1655 1411 1703 1448 et
1725 1400 1835 1448 licet
1857 1398 1906 1445 in

481 1490 647 1543 treuga
671 1480 754 1527 diu
789 1497 901 1527 cum
926 1479 1325 1543 Burgundionum
1358 1480 1480 1527 duce
1515 1479 1646 1526 idem
1675 1477 1910 1526 Henricus

480 1557 689 1618 vixisset,
717 1557 870 1604 foedus
892 1568 1052 1606 tamen
1079 1575 1190 1605 cum
1220 1575 1278 1605 eo
1301 1558 1402 1623 ipse
1428 1556 1628 1605 Carolus
1659 1554 1909 1622 quoddam

481 1634 661 1682 habere
685 1635 953 1697 inchoavit,
989 1646 1062 1695 et,
1090 1646 1142 1683 ut
1164 1653 1274 1682 eum
1307 1635 1368 1683 ab
1402 1635 1608 1683 amicitia
1632 1634 1767 1682 ducis
1791 1636 1911 1680 Bur-

482 1711 785 1774 gundionum
813 1712 1135 1772 abstraheret,
1170 1712 1232 1760 ad
1266 1713 1523 1760 amicitiam
1546 1729 1710 1760 secum
1737 1726 1913 1759 coeun-

484 1787 598 1834 dam
621 1787 828 1852 pellexit.

549 1868 661 1912 Erat
688 1875 791 1913 tum
820 1876 967 1914 status
1004 1867 1152 1933 ipsius
1185 1868 1380 1915 Henrici
1416 1868 1540 1932 regis
1557 1905 1570 1929 ,
1596 1875 1796 1934 propter
1819 1864 1914 1913 fac-

483 1943 637 1989 tiones
678 1944 1002 2006 quorumdam
1040 1961 1300 2009 procerum
1335 1945 1469 2008 regni
1508 1945 1607 2006 sui,
1652 1942 1912 2010 praesertim

485 2020 621 2067 ducis
658 2020 861 2068 Eboraci
899 2032 947 2069 et
984 2023 1175 2069 comitis
1209 2022 1269 2069 de
1308 2023 1589 2084 Warvicffi,
1622 2036 1915 2086 suarumque

484 2098 691 2162 partium
718 2099 985 2162 fautorum,
1010 2101 1374 2165 quodammodo
1401 2100 1731 2148 mutabundus
1758 2107 1807 2147 et
1829 2115 1913 2147 va-

485 2174 650 2221 cillans
674 2193 683 2221 :
714 2187 911 2241 propter
932 2177 1065 2242 quod
1090 2178 1268 2225 auxilio
1292 2195 1428 2243 egere
1449 2195 1499 2226 se
1524 2177 1682 2225 alieno
1706 2193 1913 2242 praesen·

488 2252 634 2310 tiens,
674 2253 736 2299 ad
771 2255 1030 2302 amicitiam
1065 2255 1249 2318 Caroli,
1288 2259 1581 2303 Francorum
1618 2254 1774 2318 regis,
1813 2270 1913 2301 non

488 2328 636 2375 modo
671 2331 998 2395 recipiendam
1029 2332 1270 2394 oblatam,
1306 2333 1390 2381 sed
1415 2334 1558 2381 etiam
1597 2331 1912 2398 captandam,

487 2406 747 2470 proclivior
769 2408 963 2455 effectus
985 2419 1101 2456 erat.
1130 2413 1247 2468 Quae
1276 2427 1388 2458 cum
1413 2411 1511 2474 jam
1548 2409 1916 2457 fundamentum

487 2484 776 2531 nonnullum
805 2486 1085 2550 accepisset,
1118 2498 1190 2547 et,
1226 2488 1286 2535 de
1312 2488 1373 2535 ad
1409 2488 1669 2554 perlectam
1698 2505 1848 2553 usque
1871 2497 1919 2536 et

487 2560 691 2608 solidam
733 2578 900 2627 pacem
939 2580 994 2610 ea
1032 2564 1370 2629 perducenda,
1414 2583 1519 2632 spes
1560 2582 1733 2630 magna
1768 2556 1916 2613 habe·

543 2708 581 2744 1.
611 2705 779 2744 Richard
801 2707 947 2756 Nevill,
979 2717 1103 2747 comte
1129 2709 1177 2747 de
1197 2711 1386 2749 Warwick
1402 2742 1412 2760 ,
1442 2724 1512 2763 par
1536 2711 1634 2750 suite
1666 2710 1714 2750 de
1741 2723 1811 2749 son
1834 2722 1916 2749 ma-

490 2764 595 2817 riage
621 2778 715 2804 avec
743 2766 954 2806 l'heritiere
981 2766 1048 2806 des
1070 2769 1332 2823 Beauchamp.
1353 2773 1452 2810 C'est
1471 2772 1572 2811 celui
1591 2784 1668 2823 que
1686 2771 1742 2811 les
1761 2770 1918 2824 Anglais

487 2833 555 2862 ont
574 2827 796 2866 sumommc
812 2831 931 2878 Kings
947 2829 1094 2875 mah-er,
1113 2827 1150 2867 le
1167 2829 1310 2868 saiseur
1328 2829 1376 2869 de
1395 2830 1486 2871 rois.
