2086 3528
529 361 580 396 14
901 356 1246 396 HISTORIARUM
1273 358 1455 398 CAROLI
1483 359 1554 398 VII

527 441 760 506 argenteis
776 477 786 497 ‚
814 440 992 504 quibus
1022 451 1286 506 martyrum
1317 459 1374 491 ac
1398 443 1728 491 confessorum
1764 442 1834 492 ibi
1867 443 1957 493 de-

527 521 779 568 votissimae
803 519 1011 583 reliquiae
1025 557 1037 581 ,
1064 536 1120 567 ac
1141 529 1243 568 toto
1267 521 1384 570 orbe
1404 521 1687 570 venerandae
1702 559 1715 583 ,
1743 538 1956 572 asserva-

527 597 704 645 bantur
729 607 777 646 et
805 596 1109 660 tegebantur,
1137 599 1374 663 parcitum
1402 599 1490 660 sit3
1521 600 1605 647 sed
1626 599 1862 665 quidquid
1894 600 1958 651 ad

525 691 726 723 manum
743 676 907 723 venire
929 675 1112 740 potuit,
1137 675 1188 722 in
1212 677 1430 741 rapinam
1457 687 1601 743 atque
1630 677 1843 743 praedam
1865 678 1958 727 mi-

526 752 788 801 serabiliter
814 752 998 801 abierit.
1028 755 1248 810 Quantus
1276 770 1389 802 vero
1419 754 1596 803 abusus
1623 766 1956 804 matronarum

526 840 574 878 et
605 831 870 895 virginum,
909 839 1099 895 quantae
1132 829 1400 892 violentiae,
1437 842 1618 897 quanta
1655 833 1862 881 ludibria
1895 832 1957 882 de

525 910 640 975 ipsis
673 910 768 957 illic
803 908 967 957 habita
1000 908 1122 970 sint,
1163 918 1209 956 et
1246 908 1428 975 ubique
1461 911 1512 957 in
1547 910 1774 959 omnibus
1807 911 1956 960 ferme

525 987 796 1036 civitatibus
822 987 983 1051 regni,
1009 986 1070 1034 ad
1093 1002 1214 1051 quas
1236 987 1501 1036 scortandae
1533 999 1579 1036 et
1612 990 1958 1055 prostituendae

525 1065 744 1114 adductae
754 1065 847 1113 sint
861 1102 872 1125 ‚
888 1065 996 1130 quis
1011 1080 1205 1112 narrare
1228 1063 1466 1113 sufficiat?
1482 1066 1625 1114 Plena
1646 1077 1748 1116 erat
1771 1067 1832 1115 de
1845 1068 1958 1134 ipsis

525 1144 692 1192 civitas
717 1143 1012 1204 Parisiensis,
1030 1142 1173 1208 plena
1194 1143 1570 1208 circumquaque
1586 1144 1791 1211 oppida,
1811 1145 1956 1212 plena

525 1222 802 1270 militarium
837 1231 989 1269 castra
1006 1257 1019 1282 ‚
1054 1221 1120 1269 ita
1156 1231 1209 1268 ut
1240 1238 1336 1268 suae
1357 1221 1636 1271 calamitatis
1672 1233 1720 1271 et
1753 1224 1954 1272 miseriae

525 1309 627 1347 tota
649 1298 828 1364 ubique
852 1299 984 1363 regio
1008 1299 1139 1346 testis
1163 1308 1304 1346 esset.

590 1380 649 1425 Et
668 1377 811 1425 talem
827 1377 1023 1441 quidem
1042 1377 1233 1443 plagam
1250 1377 1329 1426 illa
1343 1377 1521 1425 nobilis
1536 1387 1584 1426 et
1603 1378 1800 1444 antiqua
1816 1380 1955 1429 Sues·

522 1455 718 1502 sionum
739 1455 905 1502 civitas
943 1455 1155 1520 accepit,
1188 1471 1318 1503 anno
1355 1456 1554 1503 Domini
1586 1473 1642 1504 Μ.
1666 1473 1795 1506 cccc.
1823 1474 1950 1522 xum,

522 1532 600 1580 die
622 1541 901 1580 sanctorum
923 1542 1189 1596 martyrum
1211 1533 1418 1598 Crispini
1436 1543 1483 1581 et
1500 1533 1813 1600 Crispiniani,
1834 1551 1955 1600 quo-

521 1628 630 1658 rum
653 1627 861 1676 corpora
894 1610 962 1658 ibi
990 1611 1040 1657 in
1075 1611 1279 1658 solemni
1315 1611 1563 1674 coenobio,
1591 1612 1683 1660 sub
1716 1629 1776 1662 eo
1810 1613 1954 1663 titulo

521 1699 798 1736 constructo
838 1699 886 1736 et
920 1691 1025 1736 Deo
1059 1688 1246 1749 dicato,
1273 1690 1540 1754 quiescunt.
1578 1691 1723 1756 Cujus
1754 1692 1953 1757 quidem

521 1766 669 1831 plagae
703 1766 980 1833 prodigium
1015 1767 1125 1814 satis
1160 1767 1467 1816 manifestum
1513 1786 1602 1834 per
1636 1785 1793 1818 annos
1831 1787 1951 1837 qua—

521 1843 741 1908 draginta
800 1854 929 1892 retro
985 1854 1312 1909 processerat,
1370 1846 1540 1894 eadem
1599 1847 1789 1896 civitate
1846 1858 1952 1896 tum

521 1922 837 1969 maximarum
871 1921 1147 1969 divitiarum
1164 1957 1177 1983 ,
1218 1921 1520 1971 lasciviarum
1568 1934 1615 1972 et
1659 1924 1800 1973 luxus
1834 1919 1951 1974 exu'·

520 1999 737 2047 berantia
773 1999 1027 2061 affluente,
1060 2016 1172 2046 cum
1202 1999 1264 2047 ab
1287 2017 1385 2048 uno
1422 2018 1685 2066 puerorum
1720 2003 1948 2065 civitatis,

519 2077 604 2142 qui
633 2093 745 2124 cum
776 2076 878 2124 aliis
904 2077 998 2124 loci
1030 2077 1191 2142 pueris
1228 2093 1255 2124 a
1285 2078 1513 2141 magistro
1543 2079 1844 2141 scholarum,
1869 2097 1950 2129 so·

518 2153 618 2202 latii
647 2164 693 2202 et
726 2155 1016 2202 remissionis
1050 2155 1223 2220 gratia,
1250 2155 1484 2204 adductus
1519 2157 1581 2204 ad
1614 2175 1812 2225 campos
1849 2159 1950 2208 fue-

518 2242 618 2294 rat,
657 2232 820 2280 tabula
863 2232 1084 2297 quaedam
1125 2249 1184 2280 ex
1226 2232 1423 2281 metallo
1465 2233 1627 2283 fuisset
1663 2235 1858 2285 inventa
1896 2237 1946 2286 in

518 2310 671 2358 fundo
709 2310 865 2358 amnis
898 2310 994 2357 illic
1030 2310 1352 2370 decurrentis,
1399 2311 1447 2358 in
1485 2328 1584 2376 qua
1611 2313 1819 2378 antiquis
1853 2316 1948 2363 Ro-

518 2404 776 2441 manorum
806 2387 1162 2436 characteribus
1187 2404 1243 2436 ac
1264 2387 1430 2435 litteris
1450 2388 1546 2436 hoc
1577 2389 1828 2439 inventum
1861 2391 1949 2441 suit

518 2466 750 2532 scriptum
777 2483 787 2513 :
823 2485 846 2509 ι(
873 2468 954 2513 Vae
979 2465 1097 2527 tibi,
1130 2466 1348 2526 Suessio,
1384 2466 1563 2531 peribis
1586 2477 1642 2515 ut
1661 2468 1892 2541 Sodoma:
1920 2489 1944 2516 »³

519 2543 665 2602 Quod
696 2554 811 2591 tunc
843 2542 1041 2608 quidem
1077 2559 1245 2590 omnes
1267 2542 1392 2590 illius
1417 2544 1618 2593 civitatis
1642 2545 1874 2596 deterruit
1899 2557 1947 2597 et

518 2621 580 2671 ad
613 2621 853 2687 agendum
883 2621 1213 2686 poenitentiam
1246 2620 1458 2683 induxit3
1496 2622 1581 2670 sed
1611 2623 1807 2673 modico
1836 2635 1946 2692 post

518 2711 760 2768 tempore,
787 2700 912 2748 illius
939 2700 1146 2766 prodigii
1172 2699 1384 2748 obducta
1411 2702 1666 2760 memoria,
1708 2703 1758 2751 in
1778 2704 1944 2752 luxum

530 2791 577 2830 et
612 2781 839 2847 pristinos
877 2796 1034 2827 mores
1071 2778 1241 2844 relapsi
1276 2789 1402 2826 sunt.
1442 2782 1537 2828 Nec
1572 2791 1732 2829 tamen
1764 2781 1944 2847 absque

518 2859 662 2925 digna
683 2876 773 2924 pro
798 2859 939 2908 tantis
967 2857 1236 2906 excessibus
1256 2857 1477 2907 mercede
1491 2895 1506 2920 ‚
1533 2870 1752 2909 auctores
1774 2859 1941 2925 hujus·
