2086 3528
736 354 883 392 LIBER
909 355 1130 393 TERTIUS.
1569 355 1642 391 101

235 437 526 503 hujusmodi,
547 454 632 503 per
655 453 799 501 quam
819 447 865 485 et
887 437 1042 502 plura,
1068 438 1190 484 ultra
1213 453 1269 484 ea
1290 451 1396 501 quae
1416 435 1649 483 recensita

234 525 363 574 sunt,
382 516 472 581 ipsi
485 515 880 579 Burgundionum
897 515 1010 562 duci
1026 513 1446 580 promittebantur,
1458 512 1536 559 vix
1549 522 1651 560 erat

237 603 288 641 ut
315 610 415 640 non
438 593 641 660 proinde
671 594 950 659 poenitentia
978 611 1088 641 eum
1112 603 1389 658 sequeretur
1408 591 1650 655 animique

234 673 480 731 moestitia,
517 671 650 736 quod
688 681 786 720 tam
821 672 1026 738 insignes
1057 690 1256 720 suorum
1284 671 1512 736 regalium
1535 686 1649 736 por-

232 750 388 798 tiones
409 751 510 816 ipse
529 750 626 798 dux
653 767 739 815 pro
764 751 1021 818 inimicitiis
1044 761 1091 799 et
1116 751 1323 816 guerris,
1347 765 1464 813 quas
1487 748 1651 795 adver-

233 845 311 876 sus
333 829 489 894 ipsum
514 829 714 877 duxerat
739 840 783 877 et
808 831 1113 890 sustinuerat,
1134 838 1417 894 reportaret,
1443 843 1647 892 quarum

235 896 484 955 occasione
510 916 666 954 totum
689 924 822 972 paene
848 925 1050 971 regnum
1074 908 1121 954 in
1148 907 1494 955 desolationem
1510 903 1650 952 deve·

233 985 398 1045 nisset;
437 1001 548 1032 cum
580 986 739 1050 potius
772 1002 852 1032 rex
887 986 1194 1042 existimaret,
1223 984 1288 1031 ob
1314 981 1648 1046 hujuscemodi

231 1072 399 1110 contra
432 1079 480 1110 se
501 1101 512 1122 ,
553 1080 714 1126 regem
748 1074 793 1110 et
836 1064 1133 1128 superiorem
1167 1062 1438 1120 dominum,
1478 1076 1505 1106 a
1540 1075 1648 1106 vas-

229 1139 345 1188 sallo
381 1140 589 1188 admissa
618 1151 664 1188 et
686 1141 1113 1189 confoederationes
1142 1157 1253 1188 cum
1289 1138 1494 1203 antiquis
1529 1137 1650 1200 regis

232 1227 279 1265 et
310 1219 440 1282 regni
475 1219 695 1266 hostibus
727 1220 887 1279 factas,
914 1237 1079 1285 poenas
1100 1218 1159 1265 ab
1191 1235 1249 1266 eo
1274 1217 1478 1282 reposci,
1505 1232 1649 1279 quam

230 1294 362 1344 lucra
401 1306 445 1343 et
494 1306 623 1344 tanta
671 1298 960 1362 compendia
999 1297 1227 1360 consequi
1260 1296 1367 1359 jure
1410 1293 1646 1341 debuisse.

234 1374 372 1422 Unde
406 1391 498 1440 pax
536 1385 652 1422 tunc
688 1376 908 1440 quidem,
935 1376 1018 1423 sed
1044 1375 1260 1440 profecto
1288 1372 1549 1420 concordia
1586 1381 1653 1418 at-

233 1452 328 1516 que
349 1453 558 1500 amicitia
576 1463 659 1500 aut
679 1453 827 1515 nulla,
850 1463 930 1500 aut
951 1454 1239 1518 perminima
1258 1450 1510 1499 conciliata
1531 1449 1616 1496 fuit
1636 1468 1646 1496 ε

232 1528 364 1593 quod
387 1529 444 1577 ex
468 1530 542 1577 his
563 1547 669 1595 quae
688 1531 999 1596 postmodum
1036 1540 1292 1578 consecuta
1322 1529 1511 1575 fuerunt
1542 1528 1651 1574 satis

226 1605 430 1669 judicari
450 1610 621 1672 potuit.

298 1685 394 1732 Rex
431 1694 588 1733 tamen
622 1686 747 1750 ipse,
773 1687 844 1732 vir
877 1686 1224 1750 promissorum
1262 1683 1469 1747 fideique
1505 1683 1650 1730 semel

233 1761 352 1809 datae
391 1763 717 1810 tenacissimus
760 1774 904 1828 atque
962 1762 1407 1811 observantissimus
1426 1797 1437 1819 ‚
1480 1777 1648 1825 pacem

233 1839 381 1901 illam,
406 1840 514 1888 licet
536 1841 626 1888 sibi
652 1858 904 1888 onerosam
931 1842 1067 1888 valde
1091 1852 1233 1906 atque
1258 1840 1543 1886 damnosam
1565 1854 1650 1903 pa-

232 1936 434 1984 rumque
454 1919 724 1980 honestam,
745 1920 997 1968 observare
1022 1937 1167 1984 quam
1190 1918 1445 1982 infringere
1466 1916 1647 1974 maluit,

233 1996 394 2060 quoad
418 1997 557 2057 vixit,
583 1996 692 2044 licet
713 2014 836 2062 saepe
858 2013 887 2044 a
910 1997 1088 2058 multis,
1116 2006 1167 2043 ut
1189 1995 1464 2043 occasiones
1486 2003 1653 2058 ruptu-

231 2091 295 2122 rae
325 2076 638 2140 perquireret,
665 2075 754 2123 sibi
789 2086 1060 2140 suggestum
1099 2075 1448 2139 consiliumque
1486 2073 1653 2121 datum

235 2151 412 2215 suisset,
440 2163 487 2200 et
509 2153 571 2201 ad
593 2170 676 2201 eos
706 2153 824 2201 fines
846 2153 1021 2201 multas
1045 2164 1092 2201 et
1121 2154 1290 2214 varias,
1317 2152 1653 2215 undecumque

235 2239 448 2294 poterat,
483 2231 712 2278 amicitias
749 2242 797 2278 et
828 2231 1002 2279 foedera
1042 2231 1287 2296 expetiisse
1330 2230 1390 2276 sit
1432 2239 1651 2294 putatus,

237 2307 647 2371 quemadmodum
682 2294 846 2375 postea
874 2310 969 2357 suis
997 2309 1114 2357 locis
1138 2309 1460 2374 opportunius
1485 2323 1656 2354 annec-

235 2392 404 2432 temus.

303 2463 666 2519 Quiescentibus
688 2466 829 2530 igitur
851 2465 912 2512 ab
937 2467 1080 2512 armis
1101 2465 1354 2512 adversum
1380 2482 1430 2511 se
1452 2464 1656 2510 invicem

241 2540 431 2587 Francis
461 2551 507 2587 et
539 2544 977 2606 Burgundionibus,
1004 2544 1210 2591 restabat
1237 2543 1334 2607 jam
1361 2543 1550 2589 Francis
1572 2540 1657 2587 ad-

240 2633 405 2664 versus
426 2618 601 2681 Anglos
623 2636 755 2668 arma
784 2631 986 2680 vertere,
1014 2621 1190 2686 quibus
1214 2620 1384 2686 procul
1409 2618 1557 2665 dubio
1591 2617 1660 2664 fa-

240 2694 329 2741 cile
353 2695 604 2760 praevalere
639 2707 684 2744 et
711 2715 792 2746 eos
821 2709 922 2746 toto
953 2716 1103 2763 regno
1145 2698 1318 2764 pellere
1343 2713 1440 2744 non
1467 2693 1658 2741 difficile

245 2773 448 2820 multum
470 2774 646 2836 fuisset,
673 2777 710 2823 si
733 2777 779 2823 in
799 2794 884 2824 sua
907 2777 1075 2824 militia
1094 2776 1392 2841 disciplinam
1416 2783 1560 2838 atque
1584 2789 1660 2819 or-

242 2852 404 2899 dinem
437 2851 651 2900 debitum
677 2855 974 2918 posuissent,
1001 2853 1412 2919 quemadmodum
1445 2861 1663 2917 postmo-
