2086 3528
529 378 607 422 270
824 381 826 384 ¹
914 386 1259 424 HISTORIARUM
1287 387 1467 425 CAROLI
1495 389 1564 425 vn

528 468 577 514 in
614 467 745 515 hunc
777 467 905 514 diem
938 467 1088 514 firmae
1119 477 1259 532 atque
1298 470 1493 517 munitae
1528 471 1577 518 in
1622 471 1792 518 eadem
1830 471 1947 520 urbe

528 555 834 610 perseverant
851 547 879 591 ¹.

592 624 669 670 Sic
705 623 865 686 itaque
897 622 998 669 haec
1035 622 1276 687 expeditio
1312 625 1596 687 Aquitanica
1633 626 1791 673 Caroli
1827 627 1948 691 regis

527 701 720 747 solertia
741 709 883 763 atque
908 700 1206 764 providentia
1229 717 1526 766 suorumque
1551 703 1731 771 ducum
1755 713 1802 751 et
1826 703 1948 751 mili-

528 788 630 824 tum
654 777 828 824 robore
848 788 991 842 atque
1019 778 1321 836 strenuitate,
1348 778 1552 827 decursu
1587 781 1776 828 circiter
1804 782 1949 840 trium

529 856 791 915 mensium,
833 855 1019 902 felicem
1045 856 1225 903 exitum
1255 866 1302 903 et
1324 860 1793 906 consummationem
1819 877 1950 908 acce-

528 934 623 999 pit,
668 943 715 980 et
755 933 969 981 secundo
1003 934 1238 980 Vasconia
1272 944 1416 998 atque
1465 937 1724 1000 Burdegala
1749 972 1762 994 ‚
1805 938 1950 985 armis

528 1015 820 1059 Francorum
854 1012 1070 1072 domitae,
1110 1029 1137 1058 e
1175 1012 1397 1059 manibus
1436 1014 1696 1078 Anglorum
1731 1026 1949 1064 extractae

528 1100 638 1136 sunt
686 1099 732 1136 et
777 1089 837 1135 ad
873 1090 1126 1152 antiquum
1160 1106 1329 1153 regum
1365 1094 1660 1140 Francorum
1693 1093 1945 1158 imperium

528 1168 768 1214 restitutae.
807 1167 984 1214 Baiona
1017 1176 1204 1227 tamen,
1253 1178 1363 1232 post
1398 1170 1604 1234 primam
1648 1170 1947 1220 deditionem

527 1246 646 1309 ejus,
680 1262 870 1309 semper
900 1245 948 1291 in
973 1244 1068 1292 fide
1098 1247 1383 1310 permansit,
1411 1264 1500 1295 nec
1537 1248 1948 1312 quemadmodum

530 1321 795 1386 Burdegala
825 1322 887 1369 ad
910 1322 1133 1386 Anglicos
1165 1323 1357 1384 defecit3
1383 1342 1472 1389 pro
1496 1326 1632 1389 cujus
1663 1325 1775 1374 fidei
1795 1337 1950 1375 reten-

528 1401 682 1457 tione,
714 1400 894 1464 majore
917 1400 1061 1464 digna
1086 1401 1509 1451 commendatione
1531 1404 1881 1454 censendaest«

996 1595 1334 1640 CAPITULUM
1367 1597 1489 1643 V111.

528 1713 662 1747 Bellum
678 1712 714 1746 in
733 1711 900 1746 Flaudria
925 1711 1018 1746 inter
1033 1711 1239 1759 Philippum
1252 1739 1262 1756 ‚
1282 1711 1407 1747 ducem
1426 1712 1660 1760 Burgundiae,
1677 1723 1711 1749 et
1728 1714 1946 1750 Gandenses.

594 1830 771 1878 Eadem
796 1839 956 1876 autem
980 1840 1262 1895 tempestate
1279 1846 1373 1895 qua
1392 1831 1650 1896 Burdegala
1667 1831 1748 1880 tali
1762 1831 1951 1890 calami-

529 1919 622 1957 tate
638 1924 871 1956 concussa
887 1918 979 1968 est,
1000 1909 1048 1954 in
1068 1908 1158 1955 alia
1175 1909 1316 1956 etiam
1330 1909 1462 1972 regni
1474 1913 1765 1957 Francorum
1785 1920 1948 1958 extre-

529 1987 710 2044 mitate,
738 1986 921 2050 insigne
939 1985 1055 2033 illud
1071 1987 1306 2052 oppidum
1319 1988 1623 2048 Gandavum‚
1648 1998 1764 2036 tunc
1778 1988 1948 2054 procul

528 2063 677 2111 dubio
713 2064 836 2111 inter
868 2081 1037 2111 omnes
1064 2063 1327 2111 Galliarum
1356 2065 1498 2113 urbes
1533 2065 1948 2131 opulentissimum

527 2154 670 2208 atque
692 2141 1139 2208 populosissimum,
1159 2143 1208 2190 in
1233 2159 1429 2208 magnas
1447 2137 1684 2193 aerumnas
1699 2155 1843 2210 atque
1862 2161 1949 2193 an-

528 2221 705 2285 gustias
719 2219 999 2267 devolutum
1015 2219 1117 2267 fuit.
1133 2222 1254 2267 Cum
1265 2223 1409 2283 enim,
1426 2239 1479 2269 ex
1494 2221 1788 2270 abundantia
1797 2239 1948 2288 opum

528 2308 574 2345 et
587 2299 809 2362 longaevae
822 2299 952 2363 paciS
966 2298 1089 2359 otio,
1114 2299 1239 2346 cives
1252 2299 1346 2346 loci
1368 2300 1417 2346 in
1443 2300 1641 2348 nimiam
1666 2300 1949 2349 efferrentur

528 2375 826 2440 superbiam,
856 2376 922 2422 ita
950 2386 1001 2422 ut
1025 2392 1159 2440 paene
1195 2393 1365 2423 omnes
1400 2377 1628 2425 mortales
1657 2379 1729 2425 sui
1752 2395 1948 2444 compa-

530 2453 714 2500 ratione
740 2453 873 2517 parvi
902 2452 1110 2499 facerent
1133 2463 1275 2516 atque
1300 2463 1665 2502 contemnerent
1686 2492 1697 2514 ,
1725 2455 1949 2505 adversus

529 2532 673 2579 etiam
707 2531 972 2596 principem
1008 2548 1148 2577 suum
1188 2531 1484 2597 Philippum,
1526 2533 1700 2580 ducem
1739 2537 1950 2597 Burgun-

530 2609 751 2666 dionum,
788 2609 1014 2655 comitem
1042 2608 1273 2656 Flandriae
1298 2609 1603 2674 pluriumque
1635 2610 1834 2658 aliarum
1858 2620 1949 2658 ter—

532 2705 688 2734 rarum
727 2687 961 2734 nobilium
1001 2686 1252 2733 dominum
1289 2689 1699 2752 potentissimum,
1739 2689 1948 2737 cervices

585 2830 621 2864 1.
655 2830 708 2865 Le
728 2827 803 2864 sort
822 2826 873 2864 du
890 2827 947 2864 1151
968 2834 1004 2864 et
1030 2825 1066 2864 le
1087 2826 1248 2865 chateau
1270 2829 1462 2879 'I'ropeyte
1481 2840 1532 2866 ou
1548 2830 1768 2881 ,Trompette
1786 2828 1947 2867 detruits

529 2900 578 2924 au
597 2894 924 2925 commencement
937 2885 986 2925 de
1000 2899 1043 2924 ce
1059 2886 1187 2925 siecle.
