2086 3528
664 334 813 372 LIBER
839 333 1084 381 QUARTUS.
1517 332 1595 368 237

175 433 268 484 que
289 418 374 484 qui
396 434 567 484 prope,
589 417 652 465 ad
673 433 753 465 eas
770 417 1010 479 tutandas,
1027 415 1299 464 adstabant.
1317 414 1461 474 Quod
1483 431 1596 462 cum

174 495 260 546 alae
300 500 595 545 Francorum
628 496 845 561 equitum
879 496 1258 561 prospexissent,
1295 493 1596 541 velocissimo

174 591 316 622 cursu
333 573 640 632 advolantes,
663 590 833 621 omnes
856 576 986 638 ipsos
1002 573 1223 636 Anglicos
1236 580 1598 637 prostraverunt

175 661 224 700 et
240 652 595 717 jugulaverunt.
623 653 733 709 Quo
754 650 964 698 exterriti
978 649 1289 697 vehementer
1308 649 1491 711 caeteri,
1513 648 1599 713 qui

174 729 226 777 in
248 730 414 779 castris
442 718 740 789 manserant,
770 739 816 776 et
838 727 1119 792 hujusmodi
1142 730 1438 787 Francorum
1465 727 1600 791 equi-

174 816 280 855 tum
301 817 570 855 metuentes
592 808 828 872 impetum
852 807 1006 871 (erant
1032 805 1159 852 enim
1184 805 1272 870 ipsi
1302 805 1483 868 Anglici
1503 821 1602 853 ma-

170 885 267 950 jori
290 902 347 933 ex
370 895 506 952 parte
525 885 816 952 pedestres),
843 901 945 932 sese
976 884 1036 932 de
1069 884 1234 931 castris
1261 882 1506 949 prioribus
1538 883 1601 931 ad

175 965 434 1030 quemdam
457 966 734 1031 proximum
755 965 941 1024 locum,
973 980 1119 1028 quem
1142 962 1232 1010 sibi
1262 963 1490 1010 tutiorem
1513 979 1603 1028 pu-

175 1042 366 1106 tabant,
393 1043 455 1092 ad
484 1043 738 1092 vitandum
763 1043 998 1108 impeturn
1025 1044 1321 1089 Francorum
1355 1041 1598 1105 equitum,

175 1141 228 1174 se
249 1136 565 1175 retraxerunt.
594 1125 739 1185 Quod
761 1124 931 1172 Franci
946 1123 1280 1189 inspicientes,
1302 1132 1350 1170 et
1371 1139 1428 1170 ex
1446 1123 1601 1188 prima

175 1203 377 1253 victoria
418 1204 662 1270 sequentis
705 1203 916 1270 auspicia
953 1202 1107 1250 felicia
1139 1210 1461 1264 assumentes,
1499 1219 1601 1250 non

175 1282 303 1346 passi
337 1282 536 1330 eosdem
562 1283 750 1330 animos
781 1282 1000 1346 viresque
1030 1295 1299 1338 resumere,
1337 1278 1439 1326 sine
1467 1295 1604 1326 mora

174 1375 259 1407 eos
280 1361 486 1425 aggressi
504 1370 632 1408 sunt.
657 1363 807 1407 Porro
825 1376 937 1407 cum
950 1357 1241 1406 defendendi
1256 1356 1604 1422 resistendique

175 1440 367 1486 Francis
399 1440 490 1505 ipsi
525 1439 660 1504 Angli
693 1439 827 1503 signa
859 1437 1241 1502 nonnullamque
1275 1436 1604 1502 apparentiam

176 1515 428 1582 paululum
452 1517 649 1580 darent,
675 1525 873 1582 repente
906 1525 1068 1563 tamen
1105 1524 1214 1581 post
1248 1529 1600 1578 aggressuram,

176 1611 347 1643 eorum
379 1596 478 1644 vim
513 1605 657 1660 atque
691 1595 929 1661 impetum
961 1593 1160 1641 minime
1196 1591 1319 1640 ferre
1359 1592 1600 1655 valentes,

176 1683 308 1738 terga
324 1674 546 1722 hostibus
569 1673 848 1722 dederunt¹.

242 1752 337 1801 Sed
369 1763 416 1800 et
445 1753 495 1800 in
527 1753 784 1819 procinctu
814 1750 928 1799 belli
958 1749 1099 1798 valde
1135 1748 1363 1798 exterruit
1394 1747 1601 1812 Anglos,

177 1830 343 1896 eisque
362 1831 549 1878 animos
563 1847 760 1897 prorsus
776 1828 999 1890 abstulit,
1023 1828 1089 1876 ita
1112 1837 1164 1875 ut
1187 1844 1286 1875 non
1313 1826 1404 1874 nisi
1421 1827 1471 1874 in
1495 1826 1605 1891 fuga

177 1926 315 1976 spem
348 1907 439 1957 sibi
477 1908 694 1956 relictam
725 1896 1099 1968 arbitrarentur,
1142 1906 1378 1953 adventus
1416 1905 1602 1966 Arturi,

178 1988 366 2036 comitis
381 1987 741 2035 Richemundiae
752 2023 764 2047 ,
788 1985 1130 2034 constabularii
1143 1984 1350 2031 Franciae
1366 2002 1379 2045 3
1399 1984 1483 2047 qui
1496 1992 1608 2049 post

179 2077 387 2114 mortem
409 2064 666 2114 amborum
692 2065 892 2113 fratrum
913 2064 1014 2111 sine
1037 2062 1199 2110 liberis
1215 2098 1228 2122 ,
1255 2061 1492 2109 Francisci
1515 2061 1608 2108 sci—

179 2143 289 2192 licet
311 2155 359 2193 et
383 2145 536 2206 Petri,
563 2154 610 2193 et
635 2146 736 2211 ipse
759 2142 1072 2210 postmodum
1099 2141 1196 2189 dux
1220 2141 1470 2188 Britonum
1497 2140 1604 2187 fuit.

182 2224 464 2288 Supervenit
484 2224 612 2271 enim
636 2224 755 2271 dum
773 2224 872 2288 jam
890 2221 1112 2289 proelium
1131 2220 1412 2268 inchoatum
1435 2230 1482 2267 et
1505 2235 1608 2268 ma-

183 2316 275 2364 gna
290 2317 347 2347 ex
363 2310 497 2366 parte
513 2301 939 2365 confectum-esset,
954 2317 1009 2347 ex
1023 2297 1240 2365 partibus
1253 2296 1605 2355 Sancti-Laudi,

182 2377 371 2425 circiter
406 2395 519 2426 cum
552 2380 778 2427 trecentis
811 2378 1004 2426 lanceis·
1053 2377 1199 2440 Cujus
1240 2375 1503 2424 adventum
1540 2375 1610 2421 in-

182 2464 370 2503 tuentes
405 2456 617 2521 Anglici,
653 2458 853 2504 omnino
879 2455 1173 2504 consternati
1209 2463 1320 2501 sunt
1350 2453 1610 2516 animoque

184 2534 375 2582 defecti.
404 2535 542 2583 Unde
573 2552 631 2583 ex
654 2536 797 2602 ipsis,
824 2536 907 2600 qui
940 2535 1051 2597 suga
1078 2532 1204 2581 elabi
1226 2540 1522 2598 potuerunt,
1560 2539 1612 2576 ut

185 2613 431 2662 Matthaeus
454 2615 576 2676 Go²,
603 2614 878 2681 capitaneus
899 2623 1016 2661 tunc
1046 2611 1229 2659 Baiocis
1247 2647 1259 2670 ,
1300 2618 1347 2657 et
1384 2607 1611 2655 dominus

240 2817 279 2855 1.
310 2816 364 2854 15
384 2813 481 2854 avril
502 2814 621 2854 1450.

240 2878 281 2915 2.
313 2876 462 2929 Appele
483 2875 580 2915 dans
596 2875 654 2915 les
672 2874 781 2914 titres
798 2873 948 2928 anglais
964 2872 1094 2913 Mathe
1114 2869 1266 2925 Goghe.
