2086 3528
728 375 875 413 LIBER
902 375 1173 414 SECUNDUS.
1614 377 1664 414 45

247 477 334 509 nec
350 470 447 508 tam
461 459 593 508 facile
603 476 657 508 ac
670 459 941 525 frequenter
957 475 985 506 a
1006 459 1312 524 praedonibus
1331 460 1560 508 incursari
1573 477 1665 526 po-

246 547 383 599 terat,
413 547 460 586 et
478 530 606 585 culta
626 546 674 585 et
691 536 926 603 populosa
940 536 1187 602 aliquanto
1201 537 1370 585 melius
1382 539 1660 603 permansit,

243 614 351 663 licet
373 616 518 663 etiam
539 614 688 681 plagis
710 614 929 663 maximis
955 632 1078 681 saepe
1097 615 1280 675 attrita,
1309 624 1362 662 ut
1382 615 1432 662 in
1458 632 1664 681 sequen-

244 692 370 741 tibus
389 693 560 741 clarius
579 692 843 759 apparebit.

309 771 527 819 Vidimus
550 771 639 836 ipsi
659 771 930 837 Campaniae
948 772 1090 819 totius
1106 771 1396 819 vastissimos
1410 787 1565 836 agros,
1591 783 1664 819 to-

243 849 338 899 tius
351 849 530 910 Belciae,
549 849 677 909 ssriae,
699 850 929 897 Gastinati
937 886 949 909 ,
961 849 1282 907 Carnotensis‚
1293 850 1566 909 Drocensis,
1581 851 1666 897 Ce-

244 925 518 973 nomanniae
534 934 581 972 et
603 924 791 984 Pertici,
821 924 1158 972 Vellocassium
1173 940 1258 971 seu
1270 924 1660 988 Vulgacinorum,

244 1011 341 1050 tam
354 1003 578 1062 Franciae,
596 1019 742 1068 quam
756 1003 1074 1062 Normanniae,
1090 1002 1513 1068 Bellovacensium‚
1531 1003 1664 1050 Cale-

243 1083 468 1143 tensium‚
494 1099 523 1131 a
544 1085 761 1148 Sequana
782 1100 931 1148 usque
952 1083 1194 1130 Ambianis
1218 1092 1265 1129 et
1288 1081 1660 1142 Abbatisvillam‚

243 1159 668 1209 Silvanectensium
683 1197 695 1220 ‚
738 1162 1046 1208 Suessionum
1095 1170 1141 1207 et
1183 1160 1466 1207 Valisiorum
1514 1177 1665 1224 usque

242 1239 528 1288 Laudunum
540 1277 553 1300 ‚
580 1250 627 1288 et
659 1239 783 1287 ultra
803 1256 968 1287 versus
988 1239 1292 1287 Harmoniam
1312 1241 1342 1299 ¹,
1369 1255 1563 1304 prorsus
1584 1239 1666 1286 de-

243 1327 413 1378 sertos,
431 1318 653 1379 incultos,
671 1318 915 1384 squalidos
938 1328 984 1365 et
1007 1317 1188 1364 colonis
1213 1316 1436 1377 nudatos,
1458 1317 1664 1365 dumetis

244 1405 291 1443 et
313 1395 444 1444 rubis
468 1396 705 1463 oppletos,
730 1406 873 1460 alque
892 1396 989 1443 illic
1013 1396 1061 1442 in
1087 1395 1327 1460 plerisque
1350 1393 1540 1460 [terris]‚
1559 1411 1665 1460 quae

244 1473 306 1521 ad
331 1474 642 1540 proferendas
663 1474 861 1523 arbores
898 1474 1148 1521 feraciores
1180 1473 1438 1532 exsistunt,
1471 1472 1666 1520 arbores

243 1551 292 1598 in
330 1568 512 1600 morem
542 1553 928 1600 densissimarum
962 1551 1188 1598 silvarum
1218 1550 1493 1598 excrevisse.
1521 1551 1666 1615 Cujus

243 1629 459 1694 profecto
481 1631 711 1678 vastitatis
732 1631 926 1695 vestigia
960 1631 1008 1677 in
1044 1629 1282 1695 plerisque
1313 1628 1455 1687 locis,
1483 1629 1573 1676 nisi
1595 1629 1666 1676 di-

243 1709 356 1756 vina
389 1710 664 1775 propitiatio
702 1709 871 1756 melius
907 1708 1198 1756 consuluerit
1235 1706 1378 1755 rebus
1413 1707 1661 1769 humanis,

243 1787 510 1836 verendum
545 1798 616 1836 est
650 1787 796 1852 longo
830 1805 931 1835 aevo
957 1803 1058 1835 esse
1091 1786 1322 1834 duratura
1355 1795 1498 1850 atque
1529 1803 1665 1834 man-

243 1881 368 1913 sura.

308 1943 358 1990 Si
385 1943 503 2008 quid
538 1952 700 1991 autem
738 1953 853 1990 tunc
893 1943 939 1989 in
979 1941 1120 1989 dictis
1155 1942 1290 1989 terris
1327 1941 1589 2002 colebatur,
1616 1941 1665 1988 id

244 2021 400 2069 solum
413 2020 557 2069 fiebat
574 2022 622 2068 in
640 2022 823 2069 ambitu
838 2031 884 2068 et
901 2019 1260 2068 continentibus
1272 2019 1389 2067 locis
1398 2020 1661 2081 civitatum,

245 2099 536 2165 oppidorum
573 2117 658 2147 seu
690 2098 1019 2158 castellorum,
1054 2097 1116 2146 ad
1150 2107 1330 2145 tantam
1366 2097 1661 2157 distantiam,

244 2187 474 2242 quantam
499 2177 560 2225 de
587 2178 706 2224 turri
729 2176 803 2224 vel
826 2176 1016 2242 specula
1039 2176 1131 2224 alta
1163 2175 1472 2241 speculatoris
1500 2176 1667 2224 oculus

245 2255 496 2320 praedones
513 2255 997 2303 incursantesintueri
1014 2263 1061 2302 et
1077 2264 1291 2320 spectare
1307 2254 1564 2319 potuisset3
1585 2255 1665 2319 qui

300 2394 338 2430 1.
371 2409 387 2425 α
402 2394 424 2429 J
430 2391 476 2431 ‘ai
492 2406 546 2430 vu
565 2392 614 2431 de
633 2406 714 2431 mes
732 2405 895 2444 propres
913 2405 1017 2443 yeux
1034 2391 1090 2430 les
1110 2398 1234 2429 vastes
1250 2390 1397 2442 plaines
1416 2390 1464 2429 de
1481 2391 1518 2429 la
1531 2391 1668 2430 Cham-

246 2464 386 2503 pagne,
411 2451 459 2490 de
471 2452 509 2490 la
520 2452 623 2500 Brie,
657 2452 708 2490 du
724 2452 910 2498 Gatinais,
933 2451 985 2490 du
998 2464 1092 2503 pays
1111 2450 1327 2498 Chat-tram,
1352 2450 1404 2488 du
1417 2451 1597 2500 Drouais,
1614 2451 1665 2489 du

246 2513 374 2551 Maine
408 2522 445 2552 et
475 2512 528 2551 du
561 2514 732 2562 Perche3
753 2514 867 2552 celles
886 2514 939 2552 du
965 2513 1089 2552 Vexin
1109 2512 1273 2563 francais
1303 2521 1340 2551 et
1365 2513 1572 2563 normand,
1613 2512 1665 2551 du

246 2572 482 2623 Beauvaisis‚
498 2572 550 2611 du
562 2586 658 2625 pays
676 2573 724 2612 de
743 2575 848 2612 Caux
866 2573 1002 2625 depuis
1020 2573 1057 2610 la
1073 2572 1186 2611 Seine
1197 2571 1337 2623 jusque
1348 2585 1437 2611 vers
1453 2573 1610 2611 Amiens
1629 2581 1667 2611 et

247 2634 466 2681 Abbeville,
500 2634 552 2673 du
571 2634 783 2682 Senlissois,
811 2635 865 2674 du
884 2635 1136 2682 Soissonnais,
1167 2634 1221 2673 du
1242 2635 1385 2683 Valois,
1421 2643 1459 2673 et
1492 2643 1597 2673 toute
1630 2635 1666 2672 la

247 2694 403 2761 contree
428 2693 582 2744 jusqu’a
602 2697 725 2742 Laou,
750 2695 861 2733 voire
887 2696 1012 2733 meme
1027 2695 1237 2746 jusqu'aux
1259 2694 1461 2732 frontieres
1488 2693 1540 2731 du
1570 2693 1665 2731 Hai-

248 2754 370 2800 nauh,
392 2762 464 2791 etc.
495 2770 511 2786 n
537 2753 610 2791 J'ai
627 2755 698 2792 mis
711 2767 759 2792 au
779 2755 918 2807 genitif
931 2755 1121 2806 plusieurs
1144 2754 1211 2792 des
1230 2762 1370 2792 termes
1389 2754 1436 2792 de
1452 2762 1551 2792 cette
1565 2754 1665 2791 enu-

250 2813 438 2852 meration
458 2812 530 2850 mis
550 2815 572 2850 a
590 2813 803 2852 l’accusatif
822 2813 917 2852 dans
936 2814 973 2851 le
994 2812 1219 2859 manuscrit,
1245 2816 1454 2850 Vellocases
1480 2826 1542 2849 seu
1572 2816 1665 2850 Vul-

250 2876 416 2925 gacinos,
434 2877 713 2923 Belluacenses,
730 2877 952 2914 Caletenses.
