2086 3528
553 375 630 414 190
932 370 1274 420 fflsronmmm
1294 369 1481 409 remon
1509 370 1580 407 vn

551 457 682 504 fellit.
710 459 829 502 Nam
846 489 858 513 ,
885 462 1142 517 postquam
1170 452 1296 500 bella
1320 453 1368 499 in
1393 452 1590 499 Francia
1626 467 1788 515 gerere
1815 467 1963 500 cessa·-

551 542 722 582 verunt
736 568 748 591 ‚
777 530 895 578 tanti
916 529 1128 577 civilium
1151 539 1299 594 atque*
1314 528 1682 586 domesticarum
1706 527 1964 578 discordia-

552 627 684 669 rum,
712 608 1002 656 seditionum
1027 615 1170 670 atque
1193 605 1463 666 turbarum,
1491 607 1614 654 inter
1635 606 1764 671 ipsos
1789 605 1964 670 Anglos

553 697 600 735 et
620 687 669 733 in
698 685 851 752 patria
878 699 991 744 sua,
1019 693 1180 731 motus
1206 682 1364 730 oborti
1385 692 1519 743 sunt,
1549 692 1602 731 ut
1627 700 1684 730 ex
1706 682 1797 730 illis
1818 681 1964 732 totius

552 781 687 830 paene
711 762 846 827 regni
877 760 1102 809 nobilitas
1124 776 1238 807 cum
1259 760 1508 808 innumera
1531 761 1825 827 populorum
1847 761 1966 810 mul-

553 841 753 889 titudine
778 839 1007 887 exstincta
1029 839 1105 886 sit.
1133 839 1344 885 Primum
1363 838 1559 902 quidem
1579 840 1679 904 ipse
1697 839 1966 887 Glocestriae

552 920 677 982 dux,
701 934 843 978 cum,
865 926 1062 964 auctore
1090 916 1212 963 duce
1237 914 1497 977 Suss'olciae,
1523 917 1606 980 qui
1627 933 1736 964 eum
1764 915 1855 965 sibi
1878 917 1968 964 ini-

553 998 730 1045 micum
752 997 944 1061 suisque
969 995 1280 1042 obsistentem
1298 994 1547 1042 conatibus
1561 995 1856 1056 autumabat,
1879 993 1968 1043 sub

553 1076 697 1141 regali
719 1075 999 1123 auctoritate
1022 1073 1083 1120 ad
1106 1072 1365 1136 quamdam
1384 1071 1581 1131 villam¹,
1605 1071 1688 1119 ubi
1707 1072 1970 1138 parlemen-

553 1164 660 1200 tum
694 1152 849 1216 regale
882 1151 1112 1199 celebrari
1143 1150 1364 1212 deberet,
1401 1159 1647 1208 evocatus,
1680 1149 1763 1198 illo
1787 1151 1968 1198 adven-

553 1241 695 1279 tasset
707 1267 721 1291 ‚
746 1230 865 1276 nihil
883 1229 1149 1294 suspicatus
1169 1228 1467 1287 insidiarum,
1489 1244 1518 1275 a
1536 1227 1812 1275 satellitibus
1825 1226 1971 1294 ipsius

554 1306 688 1354 ducis
712 1306 946 1353 Susfoloiae
967 1306 1017 1352 in
1031 1305 1229 1370 proprio
1250 1321 1338 1351 suo
1350 1304 1560 1370 hospitio
1579 1304 1838 1352 suffocatus
1856 1312 1927 1353 est
1936 1304 1968 1353 ².

552 1389 718 1432 Fertur
730 1384 862 1433 enim
876 1383 1000 1430 intra
1012 1382 1132 1429 duas
1151 1383 1373 1430 culcitras
1388 1382 1527 1429 fuisse
1541 1382 1841 1444 exstinctum,
1861 1395 1973 1430 cum

549 1463 649 1526 jam
674 1478 818 1509 senex
839 1471 884 1508 et
907 1461 1018 1508 satis
1036 1459 1313 1523 grandaevus
1337 1469 1484 1518 esset;
1505 1459 1689 1524 fuitque
1705 1494 1719 1520 ‚
1741 1458 1803 1508 ad
1822 1458 1974 1508 scelus

555 1539 898 1605 obtegendum,
925 1537 1051 1585 illico
1074 1537 1370 1602 publicatum
1390 1536 1524 1602 quod
1542 1538 1662 1603 ipse,
1687 1535 1862 1585 morbo
1874 1553 1976 1594 cor-

554 1629 736 1684 reptus,
764 1617 1042 1665 naturaliter
1062 1617 1111 1663 in
1136 1616 1287 1663 fatum
1310 1615 1604 1664 contulisset.

621 1698 884 1762 Episcopus
907 1703 1068 1742 autem
1094 1694 1363 1742 Cichestriae
1378 1731 1390 1755 ,
1415 1694 1475 1742 de
1495 1710 1595 1759 quo
1619 1693 1836 1760 superius
1863 1692 1977 1742 feci-

557 1792 663 1823 mus
675 1774 988 1830 mentionem,
1008 1771 1140 1836 apud
1160 1772 1448 1818 maritimam
1467 1771 1629 1819 villam
1647 1771 1824 1820 dictam
1845 1775 1980 1820 Port-

555 1854 764 1917 sccmye³,
790 1852 908 1899 dum
926 1866 1016 1915 pro
1041 1848 1186 1896 naulo
1213 1850 1411 1897 navium
1433 1849 1631 1914 quibus,
1659 1851 1708 1897 in
1730 1849 1976 1898 Franciam

556 1931 761 1994 legatus,
796 1929 1022 1976 advectus
1045 1936 1094 1974 et
1115 1926 1229 1974 inde
1248 1928 1296 1973 in
1322 1927 1537 1991 Angliam
1562 1936 1778 1975 revectus
1795 1926 1974 1988 suerat,

557 2024 668 2055 cum
689 2007 846 2054 nautis
873 2004 1187 2053 contenderet
1205 2042 1216 2064 ,
1247 2021 1338 2052 nec
1367 2005 1433 2051 eis
1458 2021 1548 2070 pro
1568 2014 1684 2051 voto
1715 2004 1979 2052 satisfacere

559 2086 712 2146 vellet,
734 2085 795 2133 ab
812 2084 1011 2143 eisdem,
1035 2092 1280 2130 commota
1296 2082 1547 2143 seditione,
1567 2081 1832 2133 trucidatus
1863 2091 1934 2130 est
1944 2082 1975 2129 ⁴.

612 2208 651 2244 1.
682 2202 1149 2255 Saint-Edmund's-bury.

611 2267 650 2305 2.
680 2267 730 2304 28
746 2265 888 2303 sevrier
902 2267 919 2302 1
931 2266 1020 2302 447.
1036 2262 1130 2301 Voir
1145 2261 1182 2300 le
1197 2261 1293 2300 recit
1308 2261 1357 2300 de
1371 2260 1558 2299 Matthieu
1571 2260 1620 2300 de
1639 2263 1801 2316 Coussy‚
1816 2262 1879 2303 ch.
1896 2276 1979 2306 xxx.

614 2329 651 2364 3.
684 2324 948 2364 Portsmouth.

614 2388 653 2423 4.
683 2388 737 2423 Μ.
762 2385 810 2423 de
828 2387 882 2424 La
897 2386 1012 2422 Porte
1030 2382 1082 2420 du
1101 2380 1209 2420 Theil
1225 2394 1248 2420 a
1265 2379 1485 2432 remarque‚
1505 2394 1572 2419 sur
1587 2394 1631 2420 ce
1649 2394 1825 2435 passage,
1842 2385 1982 2434 qu’au-

561 2457 635 2482 cun
662 2444 848 2482 historien
876 2442 1022 2495 anglais
1052 2440 1199 2480 n'avait
1225 2439 1334 2492 parle
1369 2440 1423 2478 du
1449 2450 1618 2480 meurtre
1652 2441 1701 2481 de
1731 2442 1908 2494 l'eveque
1933 2441 1982 2483 do

561 2499 795 2544 chichester.
818 2505 869 2541 Ce
888 2502 954 2553 qui
977 2500 1068 2539 e'tait
1089 2499 1174 2539 vrai
1193 2499 1246 2538 du
1265 2508 1388 2552 temps
1408 2499 1455 2538 de
1471 2502 1523 2538 M.
1545 2500 1598 2539 du
1615 2501 1721 2541 Theil
1741 2501 1827 2541 l’est
1844 2513 1982 2541 encore

563 2562 823 2613 aujourd’hui.
846 2564 898 2600 M.
921 2560 1092 2613 Lingard
1113 2562 1202 2598 n’en
1223 2571 1245 2597 a
1265 2559 1347 2597 rien
1369 2558 1447 2604 dit,
1466 2559 1654 2611 quoiqu’il
1673 2559 1746 2598 soit
1763 2559 1982 2599 mentionue

563 2638 614 2663 au
641 2630 737 2662 xm·
765 2622 938 2675 chapitre
967 2620 1068 2659 dela
1094 2620 1315 2671 Chronique
1338 2619 1385 2658 de
1405 2620 1590 2659 Matthieu
1622 2620 1670 2658 de
1697 2622 1859 2672 Coussy,
1887 2619 1984 2660 'mais

563 2697 712 2723 comme
731 2696 783 2722 un
800 2690 968 2722 meurtre
977 2681 1173 2732 juridique
1187 2682 1253 2730 qui
1271 2681 1397 2720 aurait
1412 2682 1471 2718 ete
1490 2681 1653 2732 precede
1671 2680 1765 2720 d’un
1781 2680 1984 2721 simulacre

565 2745 613 2783 de
635 2743 770 2796 proces
789 2741 931 2781 devant
948 2742 983 2780 le
1003 2741 1234 2781 Parlement.
1257 2743 1308 2779 M.
1331 2740 1379 2779 de
1397 2744 1450 2779 La
1466 2744 1580 2779 Porte
1599 2740 1652 2779 du
1670 2741 1776 2780 Theil
1794 2754 1816 2780 a
1832 2741 1880 2781 de
1898 2740 1984 2795 plus

564 2804 638 2842 fixe
658 2816 708 2841 au
730 2809 1054 2840 commencement
1084 2799 1131 2838 de
1159 2799 1309 2838 l'annee
1335 2802 1438 2838 1450
1468 2800 1648 2852 l'epoque
1676 2799 1725 2838 de
1754 2807 1814 2839 cet
1841 2800 1982 2840 evene-

565 2871 691 2912 ment,
710 2875 750 2901 se
769 2860 930 2901 sondant
947 2870 1014 2900 sur
1029 2859 1133 2899 deux
1151 2859 1279 2911 pieces
1298 2859 1351 2898 du
1370 2860 1513 2899 recueil
1534 2859 1583 2899 de
1604 2862 1751 2911 Rymer
1769 2874 1778 2897 ε
1803 2858 1907 2899 l’une
1931 2858 1983 2897 du
