2086 3528
526 413 601 450 310
906 403 1247 467 HISTORIARUM
1276 405 1457 444 CAROLI
1485 408 1556 444 VII

523 493 690 560 pulsus
713 491 1016 556 dejectusque
1038 489 1148 548 suit,
1172 499 1438 554 expugnata
1471 500 1517 542 et
1547 500 1683 555 capta
1714 506 1858 561 supra
1886 482 1937 545 se

525 569 722 635 Neapoli
749 587 759 615 :
791 567 920 616 unde
944 567 1108 633 pulsus
1124 602 1137 627 ,
1165 567 1307 618 etiam
1333 567 1477 618 totius
1501 568 1636 632 regni
1661 566 1780 621 fines
1801 584 1937 620 exce·

524 649 637 696 dere
669 658 812 713 atque
834 647 884 697 in
911 644 1111 701 Galliam
1139 644 1387 708 fugitivum
1410 661 1460 695 se
1487 646 1699 712 recipere
1721 644 1939 712 compul-

524 744 603 780 sus
628 735 714 773 est.

588 807 731 855 Facto
772 803 932 867 itaque
973 799 1103 865 apud
1146 802 1347 847 Januam
1388 800 1721 864 hujuscemodi
1764 799 1941 854 infelici

524 881 784 930 certamine
800 917 813 943 ,
839 880 889 927 in
915 895 1010 944 quo
1036 881 1330 930 Francorum
1361 894 1505 948 supra
1532 878 1622 933 tria
1650 877 1796 932 millia
1824 893 1940 934 caesa

524 958 816 1017 ferebantur,
832 956 1033 1011 totidem
1045 971 1160 1003 vero
1174 971 1308 1020 paene
1321 955 1370 1002 in
1385 955 1702 1020 captivitatem
1715 953 1940 1021 abducta,

524 1052 638 1089 cum
655 1035 859 1086 obsessis
878 1050 985 1099 spes
1007 1023 1337 1097 consequendi
1359 1048 1610 1087 succursus
1629 1031 1794 1087 solatia
1810 1030 1944 1086 nulla

525 1124 764 1178 maneret,
798 1123 845 1169 et
874 1113 997 1160 fame
1030 1120 1173 1180 atque
1207 1111 1340 1158 omni
1370 1127 1505 1176 paene
1542 1127 1703 1179 rerum
1726 1126 1943 1167 necessa·-

524 1193 706 1245 riarum
728 1191 926 1258 penuria
945 1198 1293 1256 premerentur,
1316 1188 1435 1236 arcis
1454 1188 1749 1244 deditionem
1763 1186 1946 1243 civibus

525 1270 754 1330 fecerunt,
771 1266 1067 1326 melioribuS,
1087 1283 1205 1331 quas
1219 1266 1398 1314 habere
1414 1275 1693 1334 potuerunt,
1712 1265 1948 1323 conditio·-

525 1349 669 1397 nibus
696 1347 917 1413 acceptis,
945 1345 1130 1408 Quibus
1153 1344 1295 1399 rebus
1317 1344 1591 1407 intellectis,
1619 1344 1822 1400 Carolus
1838 1360 1946 1406 rex,

526 1443 629 1482 non
650 1425 763 1475 inde
785 1442 958 1490 parum
980 1433 1174 1475 moestus
1204 1423 1396 1483 animo,
1421 1423 1554 1489 quod
1583 1421 1756 1479 talibus
1777 1421 1951 1492 injuria

528 1505 803 1568 damnoque
826 1503 1020 1551 affectus
1036 1501 1182 1560 foret,
1208 1500 1380 1569 quaein
1405 1500 1580 1564 gloria,
1602 1516 1748 1573 quam
1767 1509 1876 1556 811ῐὲ
1899 1499 1949 1556 iu

529 1582 670 1630 rebus
690 1598 719 1629 a
737 1598 787 1631 se
808 1580 938 1628 bello
962 1579 1099 1644 gestis
1122 1578 1275 1632 fuerat
1296 1587 1607 1646 consecutuS,
1629 1594 1730 1635 non
1752 1593 1950 1643 parvam

529 1659 767 1706 maculam
789 1656 1090 1722 ingerebant,
1117 1655 1321 1719 majores
1351 1656 1513 1728 copias
1534 1653 1852 1720 contrahens,
1878 1652 1951 1709 ul-

530 1748 635 1791 tum
670 1737 730 1784 iri
762 1736 923 1785 animo
960 1731 1266 1802 proponebat
1300 1743 1442 1798 atque
1479 1749 1652 1801 magna
1686 1731 1951 1789 intentione

530 1813 806 1881 apparebat.

992 1961 1335 2009 CAPITULUM
1367 1962 1490 2008 XXI.

840 2095 967 2131 Obitus
982 2094 1104 2130 Caroli
1118 2093 1282 2142 septimi,
1303 2092 1522 2128 Francorum
1540 2091 1643 2139 regis.

598 2211 693 2259 Sed
715 2226 827 2258 cum
847 2208 944 2256 hoc
967 2224 1015 2255 se
1038 2206 1273 2259 facturum
1299 2212 1614 2272 proponeret,
1639 2202 1780 2258 simul
1810 2205 1955 2260 etiam

533 2300 582 2341 et
615 2307 701 2351 e0,
730 2305 827 2353 quo
866 2285 1135 2346 retulimus,
1170 2282 1320 2333 modo
1355 2282 1418 2330 ad
1453 2298 1503 2330 se
1536 2281 1863 2335 ulciscendum
1893 2282 1954 2340 de

534 2369 657 2424 duce
688 2363 1115 2429 Burgundionum,
1144 2371 1192 2408 et
1223 2360 1284 2408 de
1321 2358 1568 2426 punienda
1597 2358 1681 2410 filii
1714 2360 1789 2411 sui
1820 2360 1870 2411 in
1904 2376 1954 2415 se

533 2442 860 2496 inobedientia
890 2451 1032 2506 atque
1071 2437 1372 2487 contumacia
1389 2444 1613 2501 ,magna
1643 2436 1956 2494 fundamenta

528 2524 727 2588 jaceret,
743 2519 905 2568 divina
920 2518 999 2565 illa
1015 2532 1202 2569 summa
1219 2514 1525 2566 Providentia
1545 2515 1678 2570 aliter
1694 2514 1955 2571 decernens

536 2602 665 2667 (quae
685 2614 852 2664 regum
872 2606 920 2644 et
937 2596 1211 2662 principum
1233 2593 1430 2642 consilia
1454 2611 1577 2660 saepe
1598 2594 1648 2646 in
1667 2593 1855 2648 irritum
1875 2592 1955 2651 de·-

536 2678 713 2742 duxit),
740 2690 934 2727 suarum
963 2672 1306 2737 cogitationum
1338 2681 1386 2719 et
1413 2672 1728 2737 cupiditatum
1758 2671 1956 2726 vanitati

538 2756 795 2810 terminum
812 2754 1084 2818 imponens,
1105 2751 1285 2813 ipsum,
1308 2758 1564 2815 postquam
1588 2765 1742 2802 annos
1764 2748 1955 2819 triginta

538 2850 713 2882 novem
737 2827 844 2898 post
866 2830 1010 2896 patris
1033 2828 1104 2875 sui
1127 2826 1313 2874 obitum
1335 2836 1596 2891 regnasset,
1623 2826 1685 2875 ad
1711 2843 1761 2874 se
1786 2842 1843 2874 ex
1858 2825 1954 2873 hoc

538 2913 709 2959 saeculo
734 2925 944 2975 nequam
967 2906 1207 2964 evocavit3
1234 2914 1279 2952 et
1308 2922 1419 2953 cum
1450 2904 1844 2969 Burgundionum
1866 2902 1956 2957 du-
