2086 3528
567 352 645 388 210
947 347 1287 387 HISTORIARUM
1314 347 1494 386 CAROLI
1519 347 1591 384 VII

562 432 753 497 jusdam
771 430 1115 496 propugnaculi
1135 430 1436 478 straminibus
1452 429 1683 496 cooperti,
1700 429 1932 476 emitteret
1941 429 1969 486 ¹,

567 511 617 557 in
649 525 746 573 quo
777 525 887 555 cum
921 508 1159 555 immissus
1192 508 1312 572 ignis
1347 508 1545 556 haereret
1562 545 1574 568 ‚
1613 507 1756 572 coepit
1795 497 1975 570 absque

566 586 792 633 dilatione
809 595 855 633 et
872 584 1126 633 aedificium
1142 584 1260 632 illud
1278 584 1477 633 adurere
1494 621 1506 646 ‚
1533 595 1579 633 et
1596 585 1643 632 in
1660 584 1784 632 aedes
1799 582 1977 647 vicinas

565 663 704 710 latius
724 664 995 729 propagari.
1023 665 1145 710 Cum
1173 671 1332 710 autem
1352 662 1448 710 hoc
1475 662 1656 710 videret
1683 664 1976 709 Francorum

566 739 780 788 militaris
816 740 1070 802 exercitus,
1098 739 1264 787 alacris
1296 739 1422 787 illico
1455 738 1516 787 ad
1540 737 1977 787 transcendendum

568 816 742 864 vallum
764 816 993 882 palosque
1022 817 1273 878 arborum,
1300 815 1496 881 quibuS‚
1521 817 1625 864 vice
1654 816 1780 864 muri
1796 852 1809 876 ‚
1843 815 1978 863 locus

566 894 752 942 clausus
774 896 1052 960 cinctusque
1076 904 1199 954 erat,
1225 910 1324 941 sese
1353 893 1502 941 dedit.
1536 894 1630 941 Sed
1657 911 1768 942 cum
1789 893 1865 952 hi,
1895 892 1979 957 qui

565 972 693 1020 intus
718 981 879 1032 erant,
903 972 1129 1020 viderunt
1149 971 1426 1019 incendium
1451 971 1510 1018 de
1530 970 1678 1019 domo
1700 972 1751 1018 in
1778 970 1978 1018 domum

564 1051 857 1098 transvolare
878 1067 1026 1115 seque
1048 1049 1215 1096 durius
1239 1066 1294 1097 ac
1317 1048 1627 1114 periculosius
1655 1048 1717 1097 ab
1739 1048 1860 1113 ignis
1885 1047 1980 1096 ele-

565 1137 747 1187 mento,
771 1145 918 1192 quam
937 1127 998 1175 ab
1015 1127 1172 1187 hoste,
1198 1126 1378 1174 bellum
1403 1126 1606 1192 perpeti,
1627 1135 1674 1174 et
1688 1126 1778 1191 ipsi
1797 1142 1825 1174 a
1845 1125 1979 1173 fumo

564 1214 612 1252 et
634 1205 802 1253 favillis
823 1223 941 1270 quas
966 1205 1192 1253 adversus
1214 1221 1296 1252 eos
1317 1213 1489 1252 ventus
1511 1202 1651 1251 valde
1675 1201 1975 1269 impellebat,

564 1283 768 1347 graviter
787 1293 1136 1349 premerentur,
1159 1282 1322 1330 locum
1341 1281 1499 1347 ipsum
1519 1281 1580 1329 ab
1601 1279 1819 1328 hostibus
1839 1280 1981 1328 tutari

563 1361 760 1407 minime
783 1370 1072 1426 potuerunt;
1100 1359 1185 1408 sed
1207 1376 1454 1407 armorum
1475 1358 1711 1406 violentiae
1732 1357 1982 1426 incendio-

563 1455 656 1503 que
679 1438 901 1486 cedentes
919 1475 931 1499 ,
957 1438 1148 1486 Francis
1178 1439 1444 1502 ingressum
1477 1436 1812 1503 permiserunt.
1838 1438 1896 1483 Et
1917 1436 1982 1483 ci·

562 1533 645 1563 ves
662 1516 859 1580 quidem
876 1552 889 1576 ,
918 1526 971 1563 ut
1001 1516 1170 1563 melius
1202 1525 1486 1581 potuerant,
1521 1531 1612 1580 pro
1634 1506 1861 1562 salvanda
1887 1513 1983 1562 vita

563 1593 749 1641 diversa
774 1593 970 1641 latibula
995 1593 1071 1640 vel
1094 1593 1368 1640 orationum
1390 1592 1563 1639 domos
1591 1592 1857 1657 petierunt3
1890 1592 1981 1639 An-

563 1670 671 1734 glici
693 1688 810 1718 vero
833 1671 1015 1734 majore
1040 1687 1096 1717 ex
1116 1680 1250 1735 parte
1272 1671 1321 1717 in
1347 1668 1606 1734 quamdam
1628 1669 1739 1717 satis
1761 1668 1983 1717 miseram

563 1763 745 1807 arcem,
778 1764 883 1812 quae
907 1747 1001 1794 illic
1026 1757 1122 1806 est,
1151 1764 1199 1794 se
1230 1755 1528 1812 receperunt.
1559 1749 1613 1793 In
1638 1761 1866 1810 quacum
1887 1761 1984 1812 prae

563 1823 871 1872 multitudine
898 1824 1040 1872 valde
1074 1824 1333 1890 compressi
1369 1834 1548 1885 essent,
1586 1839 1676 1872 nec
1705 1822 1801 1871 ulla
1822 1840 1983 1890 rerum
2038 1827 2040 1830 ’

562 1904 938 1952 necessariarum
961 1904 1036 1951 vel
1058 1922 1148 1970 pro
1167 1905 1325 1966 victu,
1350 1903 1427 1951 vel
1448 1921 1538 1969 pro
1565 1902 1842 1951 defensione
1863 1901 1981 1965 loci,

561 1982 794 2031 haberent
821 1982 1017 2043 solatia,
1037 1983 1127 2030 sub
1155 1983 1294 2031 certis
1324 1982 1475 2048 pactis
1502 1982 1692 2030 Francis
1715 1998 1766 2029 se
1784 1979 1982 2028 dedide-

562 2070 690 2107 runt.
718 2063 777 2106 Et
808 2060 897 2118 ita,
935 2059 1299 2124 quodammodo
1331 2059 1454 2106 ultra
1478 2075 1613 2124 spem
1643 2075 1807 2120 suam,
1845 2057 1984 2124 oppi-

562 2137 678 2184 dulo
697 2135 779 2184 illo
805 2136 1244 2199 Pontis-Odomari‚
1273 2137 1384 2184 satis
1409 2135 1579 2184 misere
1600 2145 1648 2184 et
1667 2133 1848 2183 exiliter
1869 2143 1984 2182 tunc

488 2222 497 2226 ‘
564 2215 776 2275 munito,
800 2214 968 2262 Franci
988 2214 1125 2280 potiti
1147 2224 1273 2261 sunt.

617 2317 635 2353 1
647 2346 655 2355 .
678 2315 822 2354 Robert
834 2315 996 2355 Blondel
1008 2315 1191 2368 explique
1201 2329 1277 2367 que
1289 2314 1414 2354 c’etait
1431 2328 1505 2355 une
1518 2314 1625 2355 fusee
1639 2314 1842 2356 d’artifice:
1857 2333 1876 2353 «ι
1886 2318 1983 2359 Ecce

562 2373 719 2426 quidam
738 2375 963 2414 adolescens
981 2388 1030 2414 ex
1048 2375 1198 2414 comitis
1221 2377 1259 2414 S.
1283 2374 1393 2413 Pauli
1410 2375 1575 2427 familia,
1607 2376 1700 2415 dum
1719 2376 1801 2416 sive
1822 2375 1956 2417 ludere
1969 2407 1982 2427 ,

562 2444 604 2473 ut
622 2434 828 2473 insolentia
842 2436 1007 2484 juvenes
1026 2435 1129 2487 agit,
1148 2448 1231 2483 seu,
1253 2448 1361 2473 more
1381 2434 1525 2488 ingenii
1540 2435 1698 2474 humani
1710 2465 1721 2486 ‚
1736 2436 1906 2476 difficilia
1923 2438 1983 2476 sa-

560 2495 686 2533 ciendi
701 2494 852 2544 avidus,
873 2494 968 2546 quid
985 2508 1131 2547 graecus
1147 2495 1246 2548 ignis
1263 2503 1402 2546 potest,
1423 2495 1592 2548 experiri
1610 2496 1742 2545 vellet,
1762 2497 1888 2536 fusum
1904 2496 1984 2536 sul—

561 2556 645 2594 fure
666 2555 846 2608 ignitum,
866 2554 1028 2593 ducibus
1046 2554 1238 2593 bellorum
1260 2555 1503 2602 inconsultis,
1529 2555 1577 2594 ad
1599 2555 1803 2609 quamdam
1824 2556 1983 2596 domum

560 2616 855 2665 Pontulimaris,
885 2614 1027 2667 stipula
1058 2623 1095 2653 et
1124 2614 1308 2654 stramine
1343 2623 1592 2667 coopertam,
1632 2616 1801 2655 maximo
1835 2615 1982 2668 impetu

554 2676 690 2714 traxit.
727 2679 871 2714 Iterum
898 2674 1018 2713 alium
1050 2684 1089 2713 et
1116 2674 1234 2712 alium
1260 2675 1468 2724 transjecit.
1495 2675 1646 2714 Acriori
1671 2673 1851 2715 incendio
1880 2673 1981 2713 aedes

557 2749 727 2774 accensae
757 2744 1063 2775 concremantur.
1095 2738 1236 2788 Ingens
1268 2735 1414 2773 clamor
1442 2750 1486 2774 ac
1517 2735 1660 2787 ubique
1687 2735 1836 2775 subitus
1859 2747 1981 2788 pavor

553 2797 760 2835 exoritur:
784 2796 833 2835 ad
853 2798 985 2835 arma!
1011 2794 1061 2833 ad
1087 2793 1239 2847 ignem!
1274 2795 1386 2832 simul
1423 2795 1683 2844 conclamant3
1705 2803 1742 2833 et
1767 2792 1862 2834 villa
1891 2792 1979 2847 igne

555 2855 731 2895 sulfureo
751 2856 873 2895 ardet.
899 2873 917 2890 υ
944 2858 1110 2894 Assertio
1129 2859 1385 2905 Normanniae,
1407 2855 1433 2894 l.
1459 2858 1512 2903 11,
1537 2870 1570 2894 c.
1594 2871 1631 2894 v.
