2086 3528
718 363 867 401 LIBER
894 362 1165 402 SECUNDUS.
1602 365 1652 402 67

237 450 286 498 in
307 465 415 496 rure
438 446 679 514 pascendo
703 447 866 512 pecori
895 445 1155 505 insisteret,
1184 445 1457 511 apparuisse
1481 446 1656 511 praedi-

237 536 333 574 ctas
354 527 558 590 virgines
585 533 795 584 sanctas,
830 533 877 571 et
909 523 1135 572 mandata
1162 523 1324 572 divina
1351 524 1413 571 ad
1442 540 1549 571 eam
1572 524 1656 572 de-

237 604 415 652 tulisse.
444 601 609 651 Aiebat
640 602 770 649 enim
795 611 1088 668 praeceptum
1122 602 1301 650 factum
1341 612 1393 650 ut
1422 602 1484 650 ad
1511 605 1656 651 Caro-

236 681 336 729 lum
362 698 522 746 regem
544 680 814 741 accederet,
845 679 936 727 sihi
957 679 1193 728 nonnulla
1223 680 1346 727 clam
1368 691 1450 728 aut
1475 691 1658 728 secreto

236 759 428 807 diceret.
465 762 605 819 Quae,
632 759 791 823 qualia
817 768 996 819 essent,
1022 758 1124 823 ipse
1152 775 1235 806 rex
1261 759 1381 806 scire
1407 759 1588 824 potuit,
1614 769 1661 806 et

235 837 275 884 si
295 837 372 894 cui
397 837 556 886 forsan
579 837 680 902 ipse
706 836 958 898 revelavit;
983 853 1098 884 nam
1118 837 1302 884 occulta
1324 836 1483 902 aliqua
1506 854 1563 884 ex
1587 836 1662 884 his

237 915 448 977 fuerunt,
474 915 634 981 aliqua
657 925 818 963 autem
834 914 1064 963 omnibus
1088 914 1248 980 palam
1266 915 1408 976 facta,
1436 925 1491 962 ut
1512 915 1564 962 in
1590 932 1661 962 se-

234 994 490 1058 quentibus
513 993 783 1060 apparebit.

300 1072 513 1137 Acceptis
534 1072 677 1136 igitur
700 1071 1035 1136 hujuscemodi
1054 1070 1320 1119 visionibus
1344 1081 1391 1119 et
1410 1071 1664 1119 revelatio-

234 1149 393 1210 nibus,
408 1153 610 1213 Joanna,
622 1167 727 1215 quae
739 1149 884 1214 vulgo
898 1167 983 1215 per
997 1166 1194 1197 omnem
1206 1149 1408 1197 Galliam
1425 1171 1447 1194 c<
1463 1149 1623 1197 Puella
1637 1169 1658 1192 n

233 1227 578 1293 appellabatur,
618 1228 680 1275 ad
714 1228 973 1293 quemdam
999 1227 1227 1288 militem,
1261 1227 1518 1275 dominum
1547 1238 1664 1276 tem-

233 1306 449 1372 poralem
481 1306 603 1354 villae
635 1306 697 1354 de
736 1322 832 1371 qua
867 1305 1074 1354 oriunda
1102 1309 1228 1354 erat¹
1264 1315 1311 1354 et
1339 1307 1388 1353 in
1421 1323 1516 1371 qua
1549 1323 1662 1354 cum

233 1386 328 1434 suis
347 1385 628 1451 parentibus
648 1385 945 1446 morabatur,
973 1385 1193 1446 accessit,
1222 1384 1315 1432 sibi
1341 1402 1553 1432 asserens
1575 1386 1664 1434 Dei

232 1463 530 1512 voluntatem
557 1480 660 1511 esse
682 1473 736 1511 ut
758 1481 864 1511 eam
895 1463 956 1511 ad
984 1479 1145 1527 regem
1168 1466 1464 1510 Francorum
1488 1463 1668 1527 perdu-

233 1550 382 1603 ceret,
411 1552 464 1589 ut
494 1541 583 1589 sibi
608 1541 842 1588 nonnulla
867 1540 1040 1588 divinae
1061 1540 1259 1588 visionis
1284 1539 1505 1587 mandata
1529 1550 1664 1605 pate-

233 1619 429 1681 faceret,
458 1619 587 1666 unde
615 1618 732 1681 sibi,
770 1620 809 1665 si
833 1619 900 1666 eis
935 1629 1147 1684 pareret,
1175 1626 1223 1664 et
1257 1618 1344 1665 toti
1370 1620 1667 1665 Francorum

234 1715 383 1762 regno
408 1697 630 1745 utilitates
660 1697 879 1745 maximae
903 1706 1061 1744 essent
1086 1705 1408 1761 proventurae.
1442 1696 1561 1743 Cum
1584 1712 1665 1743 au-

236 1785 333 1823 tem
355 1775 484 1823 idem
513 1774 673 1833 miles,
703 1775 803 1839 ejus
826 1773 1079 1822 attendens
1105 1772 1458 1838 simplicitatem
1474 1810 1486 1831 ,
1512 1773 1597 1838 qui
1619 1783 1666 1821 et

234 1854 381 1920 ipsius
395 1863 617 1920 parentes
637 1852 959 1916 cognoscebat
978 1851 1077 1899 ruri
1091 1850 1299 1898 colendo
1317 1851 1666 1916 pascendisque

233 1932 489 1997 pecoribus
524 1930 907 1995 animalibusque
936 1945 1135 1994 operam
1175 1928 1372 1990 dantes,
1409 1929 1510 1993 ejus
1537 1928 1664 1976 dicta

234 2027 324 2076 pro
346 2010 498 2058 nihilo
525 2010 747 2069 duceret,
777 2018 824 2056 et
847 2007 1205 2056 contemnenda
1235 2006 1391 2072 prima
1419 2006 1538 2055 facie
1573 2008 1666 2055 exi-

235 2087 470 2147 stimaret,
495 2105 603 2153 quae
630 2085 881 2153 poscebat,
912 2087 1041 2134 velut
1071 2085 1132 2133 ab
1164 2085 1313 2132 idiota
1337 2094 1384 2132 et
1408 2085 1663 2152 insipiente

236 2166 515 2215 muliercula
548 2166 706 2226 dicta,
743 2164 942 2231 implere
968 2163 1238 2212 recusabat.
1278 2163 1373 2211 Sed
1410 2180 1521 2211 cum
1560 2164 1663 2229 ipsa

235 2244 549 2293 nihilominus
562 2254 887 2311 perseveraret
899 2243 949 2290 in
965 2259 1049 2290 sua
1066 2242 1350 2303 assertione,
1369 2242 1664 2289 comminata

237 2323 406 2386 etiam,
433 2324 472 2371 si
494 2323 659 2371 divina
681 2321 909 2370 mandata
931 2330 1290 2379 contemneret,
1318 2319 1410 2367 sibi
1434 2319 1662 2367 divinitus

235 2404 425 2470 plagam
447 2406 590 2452 etiam
611 2420 713 2450 non
739 2402 1036 2461 defuturam,
1062 2411 1136 2461 et,
1166 2401 1236 2448 uti
1256 2399 1501 2447 verissime
1531 2399 1663 2447 credi

235 2492 393 2549 potest
406 2520 418 2544 ‚
445 2483 634 2546 signum
658 2480 855 2547 aliquod
876 2497 970 2528 suae
991 2479 1188 2527 visionis
1207 2478 1438 2539 dedisset,
1468 2495 1580 2525 eum
1601 2477 1663 2524 ad

236 2560 592 2610 assentiendum
611 2570 659 2608 et
681 2577 736 2608 ea
754 2576 860 2625 quae
875 2557 1106 2625 poscebat
1121 2556 1423 2623 implendum
1442 2555 1658 2603 adduxit.

238 2639 376 2687 Unde
395 2640 512 2706 ipse,
534 2639 709 2704 paratis
725 2638 787 2686 ad
799 2636 1210 2703 proficiscendum
1228 2635 1364 2700 equis
1381 2651 1436 2682 ac
1454 2632 1658 2692 famulis,

294 2753 333 2792 1.
362 2755 422 2791 En
451 2751 662 2790 admettant
689 2749 856 2789 l'erreur
880 2749 930 2788 de
953 2749 1121 2803 Thomas
1141 2747 1257 2786 Basin
1280 2760 1347 2786 sur
1368 2743 1633 2785 Vaucouleurs
1651 2774 1661 2793 ‚

239 2809 385 2850 Robert
405 2811 453 2851 de
472 2810 727 2850 Baudricourt
742 2839 753 2859 ‚
775 2810 869 2848 dont
886 2809 913 2847 il
933 2816 1027 2848 veut
1054 2807 1185 2860 parler
1203 2806 1250 2845 ici
1270 2837 1280 2855 ,
1299 2805 1391 2845 etait
1409 2804 1601 2857 capitaine
1625 2813 1664 2842 et

240 2882 319 2910 non
335 2883 404 2923 pas
421 2870 603 2922 seigneur
623 2869 671 2908 de
692 2878 790 2907 cette
809 2868 915 2907 ville.
