2086 3528
692 358 838 395 LIBER
863 357 1132 396 SECUNDUS.
1576 357 1627 394 49

221 461 352 492 mero
387 443 528 491 armis
549 440 672 488 male
694 440 938 487 instructa.
967 443 1113 487 Erant
1150 441 1295 488 duces
1331 455 1499 486 eorum
1530 438 1629 486 dux

222 522 489 582 Alenconii,
517 523 722 567 Joannes
738 554 750 578 ‚
790 534 952 565 comes
973 518 1034 566 de
1066 517 1375 576 Alba-Mala¹‚
1399 527 1446 564 et
1471 516 1631 582 plures

221 598 301 647 alii
331 598 536 646 barones
563 606 610 643 et
642 595 875 660 capitanei
904 594 965 642 de
998 596 1103 660 ipso
1141 611 1290 659 regno
1320 594 1542 641 Franciae.
1575 596 1633 640 Et

220 676 332 742 quia
355 675 552 740 Anglici,
578 690 664 739 per
699 689 811 719 suos
841 673 1103 736 sagittarios
1126 682 1418 738 pugnantes,
1451 670 1635 736 pedites

222 755 431 802 Francos
463 758 985 816 saepeprostraverant,
1018 748 1316 814 providentia
1350 758 1520 796 contra
1542 747 1637 794 hoc

223 847 309 896 per
329 845 551 896 proceres
571 828 704 891 regni
726 824 943 875 adhiberi
962 825 1139 873 credita
1161 836 1254 883 est,
1280 826 1318 872 si
1340 824 1640 891 pedestribus

224 907 373 973 copiis
397 906 745 970 sagittariorum
767 922 824 952 ex
853 903 1017 968 Anglia
1033 913 1395 969 opponerentur
1417 902 1642 968 quadrin-

226 994 374 1049 gentae
401 983 477 1031 vel
498 983 765 1047 quingentae
787 983 962 1029 lanceae
993 998 1050 1028 ex
1072 980 1241 1028 Italicis
1274 980 1526 1042 militibus,
1560 979 1643 1043 qui

226 1063 395 1124 armis,
420 1072 517 1110 tam
547 1062 635 1108 viri
668 1078 813 1125 quam
844 1059 954 1124 equi
978 1075 1172 1121 eorum,
1200 1061 1380 1126 optime
1405 1058 1639 1124 protecti,

227 1140 501 1204 sagittarum
528 1139 644 1186 nihil
673 1139 1058 1204 pertimescentes
1085 1138 1234 1198 ictus,
1260 1138 1531 1204 pedestrem
1554 1138 1647 1183 An-

229 1219 414 1283 glorum
436 1217 786 1282 sagittariorum
807 1215 1047 1275 militiam,
1070 1215 1118 1262 in
1138 1232 1230 1280 qua
1251 1216 1551 1281 potissimum
1575 1212 1650 1260 sui

229 1296 459 1344 exercitus
487 1295 646 1370 fobur
682 1305 728 1342 et
750 1295 873 1341 vires
908 1294 1063 1341 solent
1095 1293 1379 1355 consistere,
1418 1294 1652 1359 irrumpe-

230 1383 365 1434 rent,
395 1383 440 1421 et
475 1390 643 1421 eorum
678 1371 897 1419 ordinem
925 1370 1283 1436 perturbarent,
1312 1388 1394 1419 eos
1418 1373 1572 1419 contis
1605 1383 1654 1421 et

230 1451 406 1498 lanceis
428 1449 736 1516 proterendo.
758 1449 918 1496 Talem
935 1449 1093 1513 itaque
1111 1449 1270 1496 militis
1293 1448 1440 1496 Italici
1454 1466 1653 1498 manum

232 1545 394 1576 secum
416 1529 584 1580 Franci
607 1538 722 1574 tunc
743 1526 1058 1574 habuerunt'.

299 1609 336 1653 E
359 1605 546 1654 diverso
570 1622 684 1653 vero
709 1604 890 1667 Anglici
913 1621 1012 1651 non
1038 1604 1242 1667 segniter
1265 1603 1409 1651 rebus
1431 1605 1528 1652 suis
1550 1622 1658 1670 pro-

167 1735 175 1746 ,
235 1683 487 1743 videbant,
515 1683 599 1731 sed
623 1682 685 1730 ad
712 1681 1026 1748 praeliandum
1054 1682 1178 1728 acies
1206 1697 1314 1729 suas
1338 1681 1651 1744 ordinabant,

236 1778 291 1810 ex
310 1761 446 1808 terris
470 1778 575 1825 quae
600 1760 689 1807 sibi
712 1759 945 1825 parebant
966 1759 1182 1824 undique
1205 1760 1357 1825 copiis
1379 1761 1659 1826 auxiliisque

238 1840 508 1888 contractis.
533 1842 645 1886 Erat
659 1839 805 1886 totius
830 1839 1091 1903 imperator
1113 1838 1374 1902 Anglorum
1399 1840 1656 1898 exercitus,

240 1934 383 1983 quem
422 1916 751 1983 praediximus,
780 1915 1064 1964 Bethsordiae
1100 1915 1195 1963 dux
1214 1954 1224 1975 ,
1251 1926 1450 1982 patruus
1485 1919 1660 1982 Anglo-

240 2012 350 2043 rum
371 1996 494 2060 regis
516 2004 564 2042 et
586 1994 674 2042 sub
707 2011 765 2042 eo
788 1994 996 2042 Franciae
1018 1993 1326 2058 gubernator.
1352 1997 1496 2042 Erant
1519 2005 1565 2042 et
1589 2012 1661 2043 se-

243 2090 353 2122 cum
377 2073 638 2138 Anglorum
671 2072 984 2120 strenuissimi
1007 2071 1155 2119 duces
1177 2088 1339 2118 comes
1357 2072 1664 2120 Salisberien-

245 2151 307 2199 sis
321 2160 368 2199 et
379 2151 606 2199 dominus
619 2150 678 2198 de
697 2149 861 2198 Talhot
871 2185 882 2210 ‚
897 2166 1059 2197 comes
1068 2149 1373 2197 Cherosberii
1386 2152 1416 2210 ³,
1437 2150 1665 2198 dominus

301 2278 319 2314 1
331 2306 340 2315 .
370 2278 482 2324 Jean,
499 2275 574 2314 duc
590 2274 818 2325 d’Alencon‚
834 2273 1040 2313 deuxieme
1058 2273 1111 2312 du
1130 2287 1235 2322 nom,
1258 2282 1296 2312 et
1309 2277 1405 2313 Jean
1417 2274 1663 2321 d'Harcourt,

247 2335 333 2384 dejii
349 2334 570 2374 mentionne
588 2333 791 2382 ci-dessus,
812 2347 852 2385 p.
876 2336 942 2374 11.

302 2397 341 2435 2.
377 2413 394 2430 «
416 2395 512 2433 L’an
529 2393 736 2446 precedent
755 2396 891 2442 (1423)
913 2393 1076 2432 estoient
1099 2392 1250 2431 arrivez
1274 2406 1323 2432 en
1345 2395 1491 2432 France
1510 2395 1667 2434 messire

249 2453 444 2493 Theaulde
458 2454 506 2492 de
517 2453 748 2506 Valpergue,
764 2453 922 2491 messire
934 2455 1061 2491 Borne
1081 2452 1129 2490 de
1151 2454 1351 2503 Caqueran
1367 2461 1405 2492 et
1420 2454 1575 2492 messire
1593 2458 1670 2493 Lu-

252 2514 346 2565 quin
363 2513 446 2562 Riz,
460 2514 628 2565 lesquelz
639 2514 706 2565 luy
723 2513 976 2552 admenerent
993 2513 1041 2551 de
1054 2526 1125 2564 par
1143 2513 1179 2551 le
1194 2512 1269 2551 duc
1285 2513 1334 2551 de
1361 2513 1480 2552 Milan
1498 2514 1557 2553 six
1579 2528 1669 2553 cens

253 2573 381 2612 lances
400 2581 437 2611 et
453 2573 558 2611 mille
576 2572 751 2611 hommes
771 2575 791 2611 a
806 2571 911 2624 pied.
933 2589 950 2606 »t
974 2572 1118 2612 Chron.
1140 2571 1189 2610 de
1206 2573 1316 2611 Berri
1332 2572 1426 2611 dans
1444 2574 1669 2621 Gonmmor,

255 2636 422 2671 Histoire
435 2635 483 2669 de
503 2633 658 2671 Charles
678 2636 769 2681 VII,
796 2646 835 2684 p.
863 2634 954 2670 370.

310 2694 348 2731 3.
379 2691 544 2730 Thomas
561 2694 783 2744 Montaguc,
797 2700 922 2730 comte
941 2691 989 2730 de
1002 2690 1215 2742 Salisbury,
1229 2699 1267 2729 et
1283 2690 1370 2728 lord
1381 2690 1531 2737 Talbot‚
1548 2699 1673 2729 comte

258 2751 307 2790 de
343 2749 609 2802 Shrewsbury.
642 2754 823 2789 L’auteur
853 2751 981 2790 donne
1012 2754 1034 2790 a
1059 2765 1103 2790 ce
1135 2751 1289 2789 dernier
1321 2763 1561 2803 personnage
1597 2763 1675 2789 une

258 2810 517 2862 qualification
531 2810 787 2861 premature'e.
803 2810 908 2849 Lon-d
922 2810 1056 2849 Talbot
1069 2811 1126 2848 ‘ne
1143 2810 1198 2848 fut
1215 2818 1339 2847 comte
1358 2809 1407 2847 de
1425 2808 1676 2860 Shrewsbury

259 2874 375 2924 qu'en
395 2872 515 2912 1442.

365 2957 380 2981 1
1466 2942 1490 2977 4
