2086 3528
536 338 613 375 222
919 333 1260 373 HISTORIARUM
1287 333 1467 372 CAROLI
1493 333 1563 370 vn

537 417 679 477 Quod
702 426 889 463 strenue
915 425 961 462 et
983 416 1196 463 alacriter
1219 427 1504 482 exsequens,
1532 424 1580 462 et
1601 416 1944 464 Normanniam

538 495 812 542 inferiorem
847 493 1083 556 ingressus
1096 528 1109 553 ,
1146 492 1325 558 absque
1352 494 1448 542 ulla
1489 493 1754 541 resistentia
1785 493 1947 542 civita-

539 583 637 619 tem
650 570 1080 631 Constantiensem,
1098 579 1304 618 castrum
1318 572 1458 619 Viriae
1469 574 1498 633 ²,
1518 571 1754 637 oppidum
1767 570 1947 620 Sancti-

541 649 708 710 Laudi,
731 648 1071 696 Carentonium
1090 658 1137 696 et
1159 646 1381 698 Valonias
1391 652 1421 709 ²,
1443 649 1723 714 Milleyum⁸,
1744 657 1949 696 castrum

543 727 755 793 episcopi
788 727 1081 788 BaiocensiS,
1115 727 1358 792 multaque
1395 727 1486 775 alia
1518 726 1707 777 castella
1739 729 1789 774 in
1823 729 1950 774 Con·

544 805 787 854 stantiensi
826 805 1089 864 territorio,
1137 804 1258 869 regis
1296 805 1491 853 nomine
1508 841 1521 866 ,
1565 806 1616 852 in
1656 804 1952 852 deditionem

546 885 728 951 accepit
744 885 774 931 ⁴.
801 886 916 942 Quae
938 900 1013 931 res
1045 883 1260 947 Anglicos
1285 883 1542 949 plurimum
1565 883 1789 932 exterruit
1811 891 1953 947 atque

546 979 715 1010 eorum
731 961 917 1009 animos
941 960 1135 1024 dejecit,
1157 977 1268 1008 cum
1284 978 1339 1009 ex
1361 961 1494 1009 omni
1508 971 1641 1027 parte
1661 971 1757 1010 tam
1772 959 1955 1024 magnis

548 1040 698 1106 copiis
720 1049 767 1087 et
789 1037 1069 1087 exercitibus
1089 1037 1306 1086 viderent
1338 1056 1388 1088 se
1422 1055 1663 1104 aggressos
1681 1058 1694 1100 ;
1716 1039 1782 1086 ita
1803 1047 1855 1085 ut
1879 1036 1957 1084 cui

548 1119 670 1184 parti
705 1116 911 1164 tutandae
943 1117 1103 1182 potius
1139 1116 1495 1177 incumberent,
1536 1133 1625 1164 nec
1665 1113 1959 1164 deliberandi
1992 1135 1995 1138 ’

550 1196 747 1261 quidem
768 1195 834 1241 eis
853 1194 1058 1260 spatium
1082 1193 1388 1263 praeberetur.

617 1273 690 1320 Ad
724 1289 883 1336 regem
911 1282 1098 1330 autem,
1134 1273 1244 1336 qui,
1282 1283 1333 1320 ut
1354 1265 1579 1334 diximus,
1606 1270 1735 1337 apud
1759 1274 1961 1319 Locum-

552 1352 675 1399 veris
698 1309 1010 1412 conosistebat,
1048 1350 1268 1398 nonnulli
1300 1367 1357 1398 ex
1392 1350 1572 1398 civibus
1602 1349 1963 1414 Rothomagen—

554 1430 711 1491 sibus,
739 1430 820 1494 qui
847 1429 1005 1476 furtim
1039 1445 1095 1476 ex
1129 1429 1315 1477 civitate
1347 1430 1408 1477 ad
1438 1430 1600 1477 locum
1632 1429 1791 1494 ipsum
1821 1443 1964 1476 vene·

555 1518 689 1570 rant,
733 1506 950 1555 clanculo
992 1516 1304 1554 accesserunt.
1354 1507 1449 1565 Qui
1495 1507 1749 1554 factionem
1784 1521 1967 1570 magnae

555 1579 728 1634 civium
753 1585 874 1650 parti
904 1585 1213 1646 nuntiabant,
1253 1601 1462 1649 quorum
1495 1601 1630 1633 mens
1664 1593 1787 1646 erat,
1823 1592 1902 1644 ut,
1927 1583 1967 1631 si

557 1676 709 1725 prope
738 1659 913 1706 moenia
942 1658 1075 1706 urbis
1103 1676 1184 1706 rex
1207 1676 1345 1706 suum
1374 1659 1650 1707 admoveret
1681 1658 1962 1720 exercitum,

558 1748 604 1785 et
635 1736 938 1804 expugnandi
975 1737 1118 1785 veluti
1149 1737 1406 1803 quamdam
1436 1735 1794 1793 similitudinem
1815 1736 1968 1793 facere

558 1815 908 1880 aggrederetur,
934 1815 1066 1880 quod
1091 1816 1212 1880 regis
1242 1815 1413 1863 milites
1441 1814 1568 1862 ultro
1602 1813 1970 1863 intromitterent

560 1899 632 1949 et,
660 1887 795 1953 quasi
828 1887 1084 1936 defendere
1106 1889 1282 1937 moenia
1306 1888 1581 1938 simulantes
1612 1905 1718 1950 sua,
1746 1904 1829 1936 eos
1849 1888 1971 1936 intra

561 1965 852 2031 reciperent,
878 1966 1039 2031 eisque
1073 1967 1290 2031 pervium
1328 1967 1417 2014 iter
1449 1962 1682 2027 facerent3
1715 1963 1972 2030 rogabant-

563 2061 654 2109 que
679 2060 839 2107 regem
873 2053 927 2091 ut
948 2045 1013 2091 ita
1032 2043 1183 2092 facere
1210 2054 1352 2108 atque
1384 2043 1605 2109 expedire
1637 2042 1807 2102 vellet,
1838 2041 1973 2107 po'lli‘·

563 2131 721 2169 centes
759 2138 809 2168 se
842 2121 1061 2183 fideliter,
1095 2121 1145 2168 id
1179 2121 1311 2186 quod
1342 2121 1648 2182 nuntiabant,
1674 2119 1969 2186 impleturos.

565 2203 661 2247 Rex
698 2215 839 2260 vero,
874 2199 986 2247 licet
1017 2216 1116 2247 non
1151 2199 1355 2246 multum
1389 2198 1501 2246 fidei
1534 2214 1702 2247 eorum
1732 2198 1976 2264 promissis

565 2278 722 2338 daret,
755 2276 838 2324 sed
867 2277 1005 2325 dolos
1029 2294 1216 2343 semper
1238 2286 1380 2342 atque
1411 2277 1629 2336 insidias,
1665 2292 1770 2342 quae
1802 2277 1852 2324 in
1883 2275 1977 2324 hu-

561 2350 828 2420 juscemodi
864 2351 1147 2404 factionibus
1181 2356 1471 2422 frequentius
1506 2355 1639 2405 tendi
1665 2356 1849 2419 solent,
1877 2372 1979 2405 sus·-

624 2542 662 2584 1.
692 2544 748 2582 La
765 2542 839 2582 cite
858 2540 906 2582 de
920 2544 1131 2583 Coutances
1148 2551 1186 2582 et
1200 2543 1237 2582 le
1255 2541 1418 2583 chmeau
1438 2543 1485 2583 de
1504 2540 1608 2584 Vire.

624 2606 662 2642 2.
691 2603 884 2701 Sail1¹1t-L6‚
905 2606 1092 2644 Carentan
1112 2612 1150 2643 et
1163 2603 1369 2657 Valognes.

627 2666 663 2702 3.
695 2663 749 2701 Mi
780 2675 819 2715 y.

626 2726 664 2762 4.
694 2727 833 2763 Toutes
863 2737 925 2763 ces
962 2725 1168 2776 conquetes
1201 2732 1287 2763 sont
1317 2721 1370 2763 du
1399 2730 1729 2763 commencement
1757 2720 1806 2762 de
1836 2720 1984 2762 l'annee

575 2784 700 2831 14503
724 2783 981 2835 posterieures
1002 2796 1073 2835 par
1093 2782 1329 2835 consequent
1349 2785 1370 2822 a
1387 2782 1424 2822 la
1449 2782 1639 2822 reddition
1665 2782 1714 2822 de
1733 2784 1869 2822 nonen
1920 2793 1985 2824 ra-

574 2841 707 2880 contee
730 2842 824 2880 dans
843 2842 878 2880 le
895 2842 1066 2894 chapitle
1085 2842 1151 2893 qui
1170 2842 1259 2882 suit.
