2086 3528
570 335 618 370 64
955 333 1296 371 HISTORIARUM
1324 333 1506 371 CAROLI
1532 334 1602 371 VII

1020 556 1357 605 CAPITULUM
1396 559 1512 604 VIII.

568 696 729 731 Praelium
750 694 787 728 in
805 694 936 741 campis
952 693 1075 728 Belciae
1097 693 1189 728 inter
1213 694 1365 729 Francos
1382 703 1416 728 et
1430 695 1582 742 Anglos,
1599 707 1779 731 annonam
1801 694 1848 732 ad
1871 707 1954 732 nuo·
1966 722 1978 742 ,

812 752 1010 787 obsidentes
1024 752 1309 787 Aurelianensem
1321 752 1495 789 civitatem
1505 780 1515 797 ‚
1528 752 1734 790 deferentes.

632 882 723 930 Sed
748 883 936 945 Franci,
966 881 1157 947 quibus,
1184 891 1235 928 ut
1258 881 1485 943 diximus,
1508 883 1606 946 jam
1629 883 1859 930 inhibitus
1881 893 1982 932 erat

568 961 630 1008 ad
666 960 883 1008 obsessos
926 961 1191 1024 ingressus,
1231 958 1502 1023 frequenter
1538 969 1585 1007 et
1622 977 1756 1026 paene
1791 959 1981 1009 assidue

567 1039 860 1086 incursantes
878 1037 976 1085 vias
995 1047 1042 1084 et
1061 1037 1254 1097 itinera,
1280 1053 1365 1101 per
1386 1054 1491 1102 quae
1513 1037 1574 1084 ad
1597 1037 1857 1102 Anglorum
1881 1029 1982 1094 cas-

567 1127 637 1163 tra
659 1133 717 1163 ex
739 1117 847 1163 satis
871 1115 1157 1162 distantibus
1180 1114 1297 1162 locis
1328 1125 1373 1162 et
1410 1115 1690 1181 plerumque
1715 1134 1770 1165 ex
1793 1117 1982 1165 Parisiis

565 1211 759 1242 annona
780 1193 1059 1255 vehebatur,
1086 1194 1214 1259 ipsos
1238 1194 1380 1242 etiam
1406 1194 1581 1259 Anglos
1599 1194 1742 1244 rebus
1762 1212 1979 1250 necessa·

565 1272 646 1319 riis
671 1289 808 1336 egere
843 1282 889 1320 et
922 1271 1172 1337 penuriam
1207 1272 1303 1336 pati
1335 1271 1577 1319 interdum
1609 1262 1977 1339 compellebant.

566 1353 674 1408 Quo
714 1350 888 1398 factum
924 1360 995 1397 est
1023 1360 1076 1397 ut
1098 1365 1196 1397 non
1231 1349 1293 1396 ad
1327 1366 1407 1397 eos
1437 1349 1660 1399 victualia
1681 1351 1783 1399 sine
1804 1339 1980 1416 magno

566 1440 859 1477 armatorum
883 1429 1129 1477 conductu
1151 1428 1352 1494 perduci
1374 1439 1584 1495 possent.
1621 1432 1739 1488 Quae
1771 1447 1846 1478 res
1867 1447 1981 1478 cum

566 1508 999 1571 Anglosinolestia
1037 1507 1241 1554 multum
1275 1517 1322 1554 et
1357 1507 1545 1555 damnis
1574 1525 1696 1574 saepe
1717 1508 1976 1569 affecisset,

565 1596 829 1634 statuerunt
851 1596 1020 1633 contra
1037 1585 1366 1649 hujuscemodi
1396 1585 1707 1635 incommoda
1722 1585 1982 1654 providen-

567 1664 679 1711 tiam
703 1680 961 1728 apponere.
984 1663 1331 1711 Contrahentes
1350 1663 1490 1728 igitur
1507 1663 1720 1729 undique
1737 1664 1898 1731 copias
1917 1664 1981 1713 ad

566 1742 931 1789 conducendam
955 1758 1198 1789 annonam
1221 1742 1281 1788 ad
1304 1751 1457 1789 castra
1479 1758 1563 1789 sua
1590 1741 1876 1802 Aurelianis,
1900 1741 1981 1791 ad-

566 1821 744 1868 vocatis
767 1821 910 1867 etiam
933 1830 1076 1884 atque
1111 1820 1271 1866 accitis
1300 1819 1539 1867 nobilibus
1562 1820 1892 1883 Normanniae,
1918 1820 1980 1868 de

565 1898 750 1944 Pa1isiis
774 1914 859 1962 per
878 1897 1106 1958 Belciam,
1132 1913 1241 1943 cum
1266 1897 1446 1960 ingenti
1468 1913 1695 1944 curruum
1709 1913 1763 1944 ac
1786 1858 1980 1953 vehicu-

564 1975 722 2022 lorum
771 1992 1007 2033 nume1·,o
1046 1975 1092 2021 in
1132 1974 1304 2038 quibus
1340 1975 1547 2040 plurima
1585 1963 1808 2023 halecurn
1849 1959 1978 2023 dolia

563 2070 674 2100 cum
707 2053 884 2099 caeteiis
920 2051 1063 2099 rebus
1101 2051 1324 2098 exercitui
1356 2052 1631 2099 necessariis
1658 2051 1974 2111 vehebantur,

564 2129 913 2192 pertransibant
927 2139 1068 2194 atque
1087 2130 1173 2176 iter
1190 2128 1439 2176 faciebant.
1461 2132 1570 2177 Erat
1587 2130 1714 2177 enim
1730 2130 1851 2178 sacri
1865 2146 1979 2195 qua-

561 2207 884 2271 dragesimalis
914 2207 1082 2271 jejunii
1106 2216 1307 2271 tempus.

629 2285 772 2342 Quod
796 2302 905 2331 cum
929 2301 1014 2349 per
1036 2284 1326 2347 transfugas,
1362 2300 1443 2331 seu
1469 2283 1570 2331 aliis
1602 2284 1784 2344 modis,
1809 2285 1977 2333 Franci

563 2361 854 2421 didicissent,
873 2362 1153 2408 aestimantes
1169 2360 1261 2407 hoc
1276 2378 1373 2409 uno
1387 2361 1598 2409 remedio
1612 2362 1821 2410 succurri
1837 2379 1976 2428 posse

563 2438 788 2500 obsessis,
826 2441 863 2487 si
900 2439 1174 2486 obsidentes
1213 2438 1275 2485 ad
1315 2438 1488 2486 famem
1525 2440 1796 2503 adigerent,
1831 2450 1879 2488 et
1902 2440 1976 2501 ‚eis

563 2517 705 2564 etiam
741 2517 929 2582 copiam
967 2532 1168 2563 annonae
1209 2515 1548 2581 prohiberent,
1592 2515 1790 2564 collecta
1829 2533 1975 2566 manu

565 2593 768 2640 militum
803 2609 1087 2654 numerosa,
1121 2602 1168 2640 et
1199 2609 1303 2658 quae
1333 2592 1393 2639 ad
1428 2592 1625 2658 triplum
1655 2595 1730 2642 vel
1763 2594 1976 2659 quadru-

564 2671 698 2736 plum
736 2657 1286 2734 Anglorum'ex'ercitum
1323 2670 1548 2718 excedere
1579 2670 1836 2734 ferebatur,
1863 2689 1974 2721 cum

564 2748 743 2796 eisdem
778 2748 932 2812 Anglis
965 2757 1011 2794 et
1047 2748 1332 2795 Normannis
1369 2748 1416 2794 in
1452 2749 1633 2814 campis
1664 2749 1828 2798 Belciae
1854 2765 1972 2798 eon-

565 2826 695 2890 gredi
719 2833 995 2872 statuerunt.
1027 2823 1246 2870 Videntes
1262 2840 1375 2870 vero
1396 2825 1530 2887 Angli
1553 2826 1599 2872 in
1617 2826 1796 2892 campis
1812 2836 1976 2892 paten-
