2086 3528
747 348 893 384 LIBER
919 347 1138 385 TERTIUS.
1571 347 1641 382 121

240 433 378 481 solito
407 433 549 480 etiam
579 429 760 494 majora
792 429 976 477 noviter
1008 429 1120 477 illuc
1154 445 1210 477 ex
1248 427 1411 492 Anglia
1432 428 1649 476 intravis-

241 495 406 575 sent),
446 508 761 557 necessarium
794 517 893 555 erat
924 510 1131 556 Francos
1167 523 1364 554 manum
1401 506 1650 553 militarem

240 589 418 638 habere
439 588 635 636 multam
656 597 703 634 et
724 586 929 634 validam
952 597 1264 650 strenuosque
1281 585 1425 633 duces
1447 584 1509 632 ad
1529 600 1650 649 opus

239 666 570 731 hujuscemodi
590 665 950 732 perficiendum.
982 668 1146 729 Itaque
1167 674 1365 729 propter
1397 663 1492 710 hoc
1529 680 1652 728 opus

239 747 425 794 noviter
446 745 759 793 adventarant
790 744 927 791 multi
959 747 1250 790 Francorum
1274 742 1455 806 equites
1492 741 1652 789 Ponti-

239 839 391 875 saram
431 833 477 870 et
506 822 568 869 ad
603 822 694 870 alia
728 822 883 869 vicina
918 820 1095 886 oppida
1124 819 1213 867 sub
1250 819 1422 867 ducatu
1463 819 1647 879 Arturi,

238 901 423 949 comitis
447 899 798 947 Richemondiae
815 935 826 959 ,
846 897 1184 946 constabularii
1204 898 1409 945 Franciae
1423 935 1434 956 ,
1460 907 1507 944 et·
1525 896 1652 943 illus-

230 979 320 1027 ,tris
349 978 536 1025 comitis
572 978 826 1024 Dunensis.
865 979 1043 1023 Contra
1081 992 1289 1040 quorum
1329 974 1653 1022 incursionem

238 1072 350 1103 cum
395 1056 645 1103 communi
691 1054 995 1118 intelligentia
1038 1063 1346 1120 procuratum
1388 1052 1549 1099 fuisset
1603 1061 1653 1098 ut

237 1133 454 1198 praesidia
480 1132 764 1196 Anglorum,
791 1149 894 1197 quae
915 1133 964 1179 in
987 1131 1106 1179 urbe
1142 1141 1298 1192 erant,
1331 1130 1456 1178 foras
1486 1129 1546 1177 ad
1568 1145 1654 1194 pa-

239 1219 391 1257 tentes
422 1226 618 1275 campos
642 1210 889 1270 exiissent,
917 1208 978 1257 ab
1000 1209 1332 1274 hujuscemodi
1362 1212 1654 1255 Francorum

239 1288 442 1336 ducibus
454 1289 668 1336 exstincti
682 1289 811 1335 fuere
829 1307 839 1335 ε
858 1305 943 1354 per
954 1288 1087 1353 quod
1101 1288 1254 1336 aditus
1266 1287 1460 1335 faciliter
1472 1285 1654 1334 civibus

239 1366 463 1430 praebitus
494 1376 563 1415 est
596 1366 657 1413 ad
680 1375 1026 1433 compactatam
1050 1364 1344 1413 deditionem
1366 1363 1649 1412 faciendam.

304 1445 531 1509 Sequenti
543 1445 701 1509 itaque
715 1444 933 1509 proximo
947 1443 1021 1491 vel
1034 1444 1172 1491 tertio
1182 1443 1276 1504 die,
1291 1443 1339 1489 in
1349 1441 1656 1489 hebdomada

242 1521 448 1569 Paschae¹
482 1539 576 1587 qua
615 1523 974 1570 resurrectionis
1006 1522 1256 1570 dominicae
1287 1521 1518 1568 solemnia
1545 1537 1654 1583 age-

240 1597 436 1659 bantur,
479 1615 607 1647 anno
648 1599 897 1647 dominicae
940 1599 1278 1647 incarnationis
1314 1614 1650 1658 mccccxxxvi„

198 1716 203 1721 .
240 1675 557 1724 adventarunt
589 1677 768 1742 praefati
810 1680 1105 1725 Francorum
1134 1676 1283 1724 duces
1313 1693 1425 1723 cum
1460 1684 1654 1722 strenuo

241 1753 389 1801 milite
412 1753 608 1802 domino
639 1755 700 1802 de
724 1754 1048 1815 Insula-Adae,
1072 1755 1154 1819 qui
1173 1754 1315 1814 alias,
1342 1763 1395 1801 ut
1422 1769 1566 1818 supra
1586 1769 1656 1799 re-

241 1837 489 1898 teximus²,
510 1837 727 1885 eamdem
746 1837 914 1885 urbem
928 1837 1010 1884 diu
1029 1847 1140 1885 ante
1153 1854 1242 1903 pro
1260 1835 1655 1901 Burgundionum

241 1913 363 1961 duce
386 1916 623 1978 ingressus
655 1916 807 1963 fuerat
837 1925 979 1980 atque
1009 1925 1277 1981 receperat,
1312 1924 1358 1962 et
1389 1915 1451 1962 ad
1480 1915 1656 1962 moenia

241 2001 383 2056 atque
403 1991 582 2040 vallum
604 1992 734 2040 urbis
759 2010 894 2041 suam
919 1993 1137 2040 militiam
1159 1993 1492 2040 admoverunt.
1523 1995 1656 2050 Quos

242 2086 353 2117 cum
380 2081 596 2118 auctores
620 2071 875 2119 deditionis
898 2089 984 2137 per
1004 2081 1193 2137 portam
1215 2071 1371 2118 Sancti
1394 2070 1558 2118 Jacobi
1580 2071 1655 2116 in-

244 2148 505 2196 tromittere
531 2159 819 2214 satagerent,
851 2148 1153 2197 obstantibus
1178 2149 1261 2214 qui
1288 2148 1382 2195 illic
1407 2148 1656 2196 adstabant

245 2227 543 2290 custodibus,
572 2230 769 2276 minime
791 2239 983 2294 portam
1012 2229 1196 2294 aperire
1220 2227 1486 2275 valuerunt.
1511 2231 1658 2274 Erant

244 2307 372 2354 enim
396 2307 531 2354 multi
553 2307 710 2356 adhuc
725 2309 906 2372 Anglici
926 2318 972 2356 et
990 2325 1183 2355 suarum
1205 2306 1534 2354 studiosissimi
1551 2322 1657 2370 par-

244 2385 363 2432 tium
386 2387 710 2451 quamplures,
738 2387 821 2452 qui
842 2387 999 2434 armis-
1020 2385 1246 2434 obsistere
1267 2385 1460 2432 conatui
1483 2384 1657 2431 civium

301 2565 318 2600 1
331 2593 340 2601 .
371 2565 518 2615 Paques
534 2565 663 2604 tomba
681 2575 778 2606 cette
806 2567 929 2606 annee
951 2567 987 2606 le
1006 2569 1028 2606 8
1046 2567 1165 2616 avril;
1185 2567 1223 2605 la
1238 2566 1397 2605 deroute
1417 2565 1484 2603 des
1503 2563 1659 2615 Anglais

247 2632 313 2662 eut
327 2623 405 2662 lieu
425 2624 519 2662 dans
537 2625 574 2663 la
597 2626 681 2664 nuit
705 2627 758 2665 du
780 2629 829 2665 10
853 2640 903 2665 au
922 2629 966 2665 11
994 2628 1088 2666 avril
1109 2643 1120 2676 3
1151 2627 1187 2665 la
1205 2627 1307 2679 prise
1330 2626 1378 2664 de
1396 2624 1501 2663 Paris
1523 2632 1579 2662 est
1605 2623 1658 2661 du

246 2684 433 2724 vendredi
453 2687 518 2725 13.

301 2746 340 2782 2.
372 2744 569 2784 Ci-dessus
599 2760 639 2798 p.
668 2749 731 2788 28.
756 2746 855 2787 C'est
879 2748 935 2786 lui
963 2748 1034 2800 qui
1053 2747 1143 2786 etait
1170 2747 1334 2785 l’auteur
1359 2744 1406 2783 de
1426 2744 1462 2782 la
1486 2743 1588 2795 prise
1609 2743 1657 2783 de

248 2804 443 2852 Pontoise‚
464 2806 666 2857 rapportee
685 2820 735 2845 au
754 2816 1081 2848 commencement
1095 2808 1143 2845 de
1162 2821 1204 2845 ce
1223 2805 1418 2857 chapitre3
1435 2804 1530 2843 mais
1549 2805 1570 2843 a
1588 2817 1659 2844 son

250 2873 339 2904 tour
356 2864 384 2902 il
405 2864 530 2917 perdit
547 2873 643 2905 cette
655 2866 763 2919 place
779 2869 882 2907 faute
900 2867 948 2906 de
964 2868 1217 2907 surveillance
1234 2879 1282 2904 en
1302 2865 1421 2906 1438.
