2086 3528
706 322 853 361 mei
877 321 1126 368 QUARTUS.
1562 325 1640 362 ποτ

219 411 458 476 fugerunt,
483 419 532 457 et
554 422 662 456 eam
686 413 942 454 tenuerunt
961 422 974 464 ;
1002 420 1031 451 a
1048 404 1246 452 Francis
1268 391 1401 466 vero,
1421 405 1506 470 qui
1526 405 1640 454 illuc

219 488 356 538 multi
377 505 435 536 ex
459 487 658 535 diversis
680 482 874 550 oppidis
895 491 940 529 et
964 482 1131 530 castris
1152 494 1487 545 accurrerunt,
1515 484 1642 532 illico

220 565 388 615 eadem
410 565 554 613 turris
576 563 769 612 obsessa
791 570 879 608 est.

286 643 432 701 Quod
455 659 567 690 cum
589 641 702 688 duci
723 638 1060 700 Summerseti,
1092 638 1293 701 rectori,
1321 647 1374 686 ut
1407 638 1613 689 diximus
1630 679 1642 702 ,

221 721 481 788 provinciae
500 735 590 786 pro
620 717 880 783 Anglorum
912 733 1022 780 rege
1040 754 1052 776 ‚
1077 716 1363 765 innotuisset
1377 752 1390 778 ‚
1413 719 1571 766 statim
1595 729 1651 767 ut

223 799 427 848 obsessis
450 798 591 846 ferret
612 797 841 845 auxilium
861 833 874 856 ,
897 795 1009 843 illue
1031 812 1143 843 cum
1164 795 1374 843 exercitu
1396 796 1648 846 dominum

224 876 285 927 de
333 874 523 936 Talboc‚
567 875 794 922 comitem
827 871 1279 921 Cherosberiensem
1294 908 1308 933 ,
1356 875 1650 940 praecipuum

223 965 340 1004 tunc
361 954 510 1002 totius
526 953 741 1000 militaris
761 951 1025 1017 Anglorum
1040 966 1212 998 manus
1234 950 1428 1012 ducem,
1452 953 1523 1000 ire
1537 971 1651 1019 prae-

225 1019 366 1098 oepit.
393 1033 485 1092 Qui
508 1031 736 1090 collect0‚
766 1041 819 1079 ut
840 1030 998 1096 potuit
1017 1067 1030 1092 ,
1061 1029 1233 1091 milite,
1259 1031 1448 1079 circiter
1478 1032 1541 1079 ad
1566 1049 1654 1080 nu-

227 1127 414 1159 merum
434 1109 564 1157 mille
588 1110 962 1173 quingentorum
989 1107 1231 1172 equitum,
1266 1107 1327 1155 de
1350 1109 1653 1175 Rothomago

227 1188 408 1254 trajecit
430 1191 725 1252 Bernayum3
750 1186 864 1234 inde
897 1202 1013 1235 vero
1049 1202 1162 1234 cum
1184 1185 1466 1235 Vernolium
1489 1205 1655 1235 versus

227 1265 495 1332 profectus,
521 1263 819 1328 cognovisset
848 1263 897 1311 in
939 1262 1051 1310 villa
1092 1279 1197 1328 quae
1234 1265 1479 1312 ΒΓετειιίί1
1509 1265 1654 1329 vulgo

229 1342 495 1409 appellatur
511 1381 523 1405 ‚
561 1343 724 1408 copias
761 1358 958 1406 magnas
980 1345 1274 1390 Francorum
1302 1343 1510 1392 militum
1543 1362 1655 1392 cum

229 1421 391 1468 multis
413 1420 604 1468 famosis
619 1418 823 1467 ducibus
842 1420 903 1468 ad
921 1437 1032 1467 eum
1051 1420 1214 1468 locum
1236 1421 1545 1483 confluxisse,
1566 1424 1657 1470 mi«

146 1516 149 1518 ’
229 1498 361 1547 nime
375 1497 553 1545 abusus
569 1497 655 1544 fuit
672 1496 796 1544 ultra
812 1497 1103 1561 procedere3
1138 1497 1224 1544 sed
1252 1514 1463 1563 propero
1484 1515 1625 1546 cursu
1640 1537 1654 1561 ‚

230 1574 449 1628 breviore
471 1591 573 1640 quo
591 1575 750 1640 potuit
773 1574 965 1633 itinere,
1002 1575 1357 1639 Rothomagum
1385 1576 1475 1624 sibi
1499 1594 1658 1626 rever-

231 1652 432 1701 tendum
455 1652 716 1700 constituit.
738 1655 896 1710 Quem
917 1669 1030 1699 cum
1053 1656 1348 1701 Francorum
1375 1654 1522 1703 duces
1536 1693 1548 1716 ,
1576 1657 1659 1720 qui

233 1747 346 1779 eum
374 1729 692 1794 fixovvestigio
727 1730 856 1795 apud
879 1730 1161 1778 Vernolium
1195 1732 1562 1796 exspectabant,
1592 1737 1660 1782 sic

233 1809 390 1856 redire
425 1807 791 1868 intellexissent,
834 1809 1106 1855 conscensis
1147 1810 1307 1857 statim
1347 1811 1480 1875 equis
1496 1849 1509 1873 ‚
1549 1828 1661 1859 eum

235 1902 348 1934 cum
366 1885 548 1949 magnis
570 1884 838 1948 agminibus
859 1902 887 1933 a
911 1890 1044 1949 tergo
1065 1895 1176 1932 sunt
1197 1887 1415 1933 insecuti.
1443 1890 1501 1934 Et
1518 1889 1661 1936 talem

236 1962 434 2028 quidem
476 1961 770 2026 diligentiam
802 1961 1129 2027 adequitando
1165 1962 1379 2010 fecerunt
1395 1999 1410 2023 ‚
1464 1974 1515 2010 ut
1552 1982 1664 2012 eum

238 2058 349 2090 cum
371 2057 456 2088 sua
477 2040 701 2087 comitiva
719 2040 768 2086 in
786 2038 1075 2105 quibusdam
1090 2042 1273 2104 magnis
1293 2043 1665 2108 campestribus²

239 2120 563 2180 invenientes,
602 2117 758 2165 eidem
794 2119 1264 2184 appropinquarent3
1304 2137 1428 2185 quos
1461 2131 1515 2168 ut
1547 2122 1667 2169 vidit

239 2192 369 2243 idem
398 2194 624 2243 dominus
657 2194 718 2242 de
746 2194 933 2255 Talbot,
962 2211 1166 2260 parvum
1198 2205 1281 2244 aut
1312 2196 1499 2245 nullum
1517 2215 1667 2265 repu-

242 2282 348 2322 tans
371 2273 461 2322 sibi
492 2273 543 2320 in
580 2272 690 2336 suga
725 2273 999 2337 praesidium
1039 2290 1305 2339 superesse,
1333 2291 1446 2322 cum
1481 2279 1593 2341 equi
1618 2287 1666 2324 et

243 2350 415 2398 milites
436 2351 511 2398 sui
532 2367 587 2398 ex
612 2351 759 2415 longo
796 2351 965 2398 itinere
987 2361 1035 2399 et
1068 2352 1166 2399 sitis
1188 2352 1438 2400 tolerantia
1460 2354 1665 2401 multum

242 2427 353 2475 lassi
376 2427 649 2491 fatigatique
672 2438 827 2475 essent
844 2464 857 2487 ‚
886 2429 1040 2493 posita
1070 2445 1099 2476 a
1122 2438 1256 2494 tergo
1280 2429 1490 2494 quadam
1511 2447 1634 2495 saepe
1651 2468 1663 2492 ‚

245 2503 381 2552 rubis
398 2504 697 2568 dumetisque
724 2506 834 2552 satis
865 2505 1039 2565 densa,
1063 2505 1360 2554 descendens
1382 2506 1529 2572 pedes
1557 2524 1669 2554 cum

239 2582 344 2631 *suis
361 2619 375 2644 ‚
411 2582 506 2630 illic
548 2597 657 2630 suas
690 2583 813 2630 acies
845 2580 1101 2631 ordinavit.
1142 2584 1288 2642 Quod
1315 2585 1483 2631 Franci
1507 2585 1670 2649 provi-

306 2783 346 2819 1.
376 2782 476 2820 C'est
494 2779 534 2818 le
548 2779 717 2818 Breteuil
733 2779 800 2832 qui
818 2788 874 2819 est
894 2778 990 2819 dans
1008 2779 1053 2819 le-
1065 2779 1332 2832 departement
1350 2779 1399 2817 de
1418 2778 1562 2817 l’Eure.

307 2843 346 2878 2.
378 2842 435 2878 En
453 2851 531 2879 vue
548 2839 793 2878 d’Harcourt.
816 2839 873 2879 Cf.
901 2841 1092 2889 Charcier,
1114 2839 1209 2878 dans
1228 2838 1442 2889 Godefroy,
1459 2851 1501 2890 p.
1523 2840 1615 2876 14⁴.
