2086 3528
549 389 625 425 110
928 383 1268 422 HISTORIARUM
1295 384 1478 422 CAROLI
1507 386 1576 421 VII

548 481 594 517 et
616 467 931 516 habitandum
953 464 1192 528 venirent,
1220 477 1273 514 ut
1302 469 1472 516 exinde
1495 469 1690 516 liberius
1713 477 1761 516 et
1781 469 1964 532 facilius

550 546 810 611 Anglorum
847 544 1077 591 terminos
1125 534 1440 594 incursarent.
1484 550 1541 593 Et
1585 556 1723 593 erant
1768 546 1963 611 quidem

547 643 698 692 parvo
735 640 938 672 numero
967 642 976 668 ε
1007 623 1187 687 equites
1222 623 1495 673 ferebantur
1533 642 1632 672 non
1668 625 1791 671 ultra
1823 625 1974 689 quin—'

547 704 772 769 quaginta
804 711 885 748 aut
920 697 1161 764 sexaginta
1183 699 1388 762 lanceae,
1416 702 1600 767 pedites
1642 717 1757 751 vero
1780 695 1968 769 circiter

547 781 742 829 ducenti
774 788 855 827 aut
876 778 1103 837 trecenti3
1132 796 1339 840 quorum
1363 779 1592 828 ducatum
1617 779 1848 828 curabant
1867 779 1966 828 duo

547 859 726 907 strenui
762 861 1055 905 Francorum
1094 856 1271 903 militiae
1306 858 1562 922 capitanei,
1602 872 1813 924 quorum
1849 856 1968 906 alter

552 940 615 983 La
638 937 805 997 Hiere,
841 934 958 981 alter
988 936 1142 979 Poton
1158 935 1169 957 ¹
1194 932 1538 998 appellabatur.
1567 934 1712 993 Quod
1734 950 1846 982 cum
1874 935 1969 982 Ro·-

547 1014 761 1077 thomagi
794 1023 918 1061 esset
959 1012 1233 1059 nuntiatum
1269 1012 1464 1077 praefato
1501 1015 1666 1062 comiti
1696 1013 1964 1076 Amndelli,

548 1094 631 1158 qui
655 1110 766 1140 cum
788 1091 994 1139 exercitu
1015 1101 1177 1156 petere
1196 1090 1516 1139 Caletensium
1537 1094 1790 1155 terminos,
1806 1091 1869 1141 ad
1884 1106 1970 1140 eos

548 1169 910 1236 opprimendos,
921 1186 970 1216 se
985 1179 1348 1233 praeparaverat,
1365 1175 1412 1216 et
1424 1170 1683 1218 exercitum
1694 1169 1968 1236 expeditum

547 1247 774 1307 habebat,
801 1260 965 1294 versus
990 1256 1200 1293 castrum
1225 1246 1344 1293 illud
1368 1247 1429 1294 de
1451 1247 1692 1312 Cerberos
1706 1262 1820 1296 suot!
1841 1262 1968 1313 gres-

549 1341 626 1371 sus
663 1324 850 1372 direxit.
890 1325 1001 1380 Quo
1036 1340 1146 1369 cum
1183 1323 1485 1372 adventasset
1524 1339 1635 1372 cum
1670 1320 1970 1374 festinatione

548 1418 660 1448 cum
699 1399 1058 1465 quadringentis
1094 1409 1174 1446 aut
1212 1400 1483 1464 quingentis
1525 1401 1587 1448 de
1629 1400 1970 1451 valentioribus

549 1478 786 1543 equitibus
811 1477 931 1538 suis,
953 1476 1192 1540 reliquum
1226 1494 1367 1524 suum
1389 1478 1648 1526 exercitum
1677 1487 1726 1526 et
1747 1477 1860 1526 belli
1883 1494 1969 1546 ap-

548 1565 767 1620 paratum
787 1554 1097 1619 praeveniens,
1124 1554 1364 1617 cogitabat
1386 1558 1608 1617 Francos,
1627 1571 1690 1602 ne
1705 1571 1792 1621 per
1809 1555 1969 1620 fugam

547 1633 670 1682 elabi
692 1621 905 1698 possent,
925 1632 1297 1696 circumquaque
1316 1633 1688 1697 circumcingere
1710 1643 1758 1681 et
1773 1632 1840 1681 eis
1862 1649 1969 1681 om-

548 1729 660 1759 nem
682 1713 860 1759 exitum
884 1709 1164 1775 prohibere,
1186 1709 1277 1757 sibi
1298 1711 1536 1775 pollicitus
1555 1728 1640 1759 eos
1661 1726 1832 1760 omnes
1846 1712 1969 1778 pati-

549 1790 671 1838 bulis
695 1800 741 1837 et
764 1789 906 1836 furcis
924 1787 1116 1852 affigere
1140 1805 1150 1834 :
1179 1788 1242 1835 ad
1261 1789 1394 1853 quod
1416 1789 1763 1854 perficiendum
1779 1825 1793 1850 ,
1818 1803 1970 1855 equos

547 1869 740 1916 funibus
762 1877 809 1915 et
829 1866 1012 1931 laqueis
1033 1875 1233 1913 onustos
1254 1883 1417 1915 secum
1435 1867 1714 1915 adduxerat.
1740 1866 1835 1915 Sed
1857 1882 1968 1921 cum

547 1946 648 2010 ejus
670 1946 888 1993 animum
909 1942 1049 1991 simul
1067 1951 1115 1989 et
1130 1945 1399 2008 periculum
1417 1962 1582 2007 suum,
1601 1945 1685 2011 qui
1701 1944 1798 1992 illic
1813 1943 1968 1992 adsta-

546 2023 691 2083 bant,
725 2024 894 2071 Franci
914 2040 1014 2072 non
1050 2021 1369 2084 ignorassent,
1396 2023 1746 2090 perpendentes
1764 2022 1969 2087 qualiter

546 2104 725 2150 circum
748 2103 995 2151 castellum
1016 2104 1107 2170 ipsi
1129 2104 1289 2167 Angli,
1315 2103 1450 2167 equis
1486 2103 1582 2150 suis
1610 2101 1795 2150 traditis
1830 2116 1969 2150 man-

547 2180 773 2246 gonibus,
808 2181 898 2229 hac
927 2192 1070 2247 atque
1104 2181 1210 2228 illac
1244 2181 1480 2228 incautius
1514 2189 1849 2246 pervagantes,
1874 2179 1969 2227 im-

546 2260 749 2325 provide
771 2277 874 2308 sese
897 2269 1114 2325 agerent,
1136 2260 1319 2325 impetu
1341 2256 1500 2306 valido
1526 2273 1638 2305 cum
1653 2256 1895 2323 equitibus
1911 2273 1968 2306 ac

546 2336 846 2402 pedestribus
865 2339 1017 2403 copiis
1036 2355 1063 2385 e
1081 2337 1279 2400 vestigio
1297 2335 1680 2401 insequentibus,
1698 2335 1760 2384 de
1773 2335 1967 2384 castello

547 2415 594 2462 in
626 2415 756 2480 ipsos
790 2416 1053 2478 irruerunt,
1080 2431 1163 2463 eos
1197 2431 1310 2462 cum
1334 2414 1495 2462 furore
1525 2429 1702 2480 magno
1734 2413 1968 2462 caedentes

546 2502 594 2540 et
607 2501 978 2558 prosternentes.
997 2492 1069 2540 Ad
1082 2508 1226 2557 quem
1249 2491 1505 2539 tumultum
1531 2508 1643 2539 cum
1658 2491 1789 2540 idem
1804 2505 1967 2552 comes

548 2570 754 2628 excitus,
788 2570 837 2616 in
861 2570 1120 2634 quemdam
1150 2569 1347 2617 hortum
1380 2585 1492 2615 cum
1523 2568 1739 2634 pluribus
1768 2585 1965 2617 suorum

548 2646 783 2694 nobilium
801 2663 850 2694 se
871 2648 1147 2713 recepisset,
1171 2646 1299 2695 caesis
1320 2647 1465 2694 ferme
1488 2646 1714 2695 omnibus
1736 2647 1819 2718 qui
1840 2647 1966 2695 circa

547 2741 597 2771 se
634 2724 863 2786 aderant,
902 2734 949 2772 et
982 2725 1081 2790 ipse
1118 2726 1213 2772 ictu
1255 2721 1596 2774 bombardellae
1624 2725 1760 2791 juxta
1790 2723 1964 2792 pedem

604 2888 640 2926 1.
672 2890 726 2927 La
740 2887 834 2928 Hire
845 2894 884 2926 et
903 2890 1027 2927 Poton
1045 2886 1094 2927 de
1112 2887 1373 2927 Xaintrailles.
