2086 3528
541 406 616 444 118
910 402 1251 444 HISTORIARUM
1279 402 1460 443 CARDLI
1488 404 1557 440 VH

538 502 643 551 quae
666 496 768 533 tum
795 483 892 533 illic
911 483 1204 533 atrocissime
1224 485 1515 535 saeviebanffl.
1553 486 1647 535 Sed
1673 502 1762 536 nec
1788 502 1944 553 pauno

538 574 755 627 tempore
772 561 871 611 haec
894 561 1055 626 patriae
1074 560 1199 611 illius
1215 562 1401 611 vastitas
1418 572 1562 628 atque
1582 563 1788 612 desertio
1804 563 1946 613 dum

538 640 620 689 vit.
647 639 818 688 Mansit
848 639 976 687 enim
1009 637 1134 686 ultra
1162 638 1329 688 decem
1355 656 1532 702 annos,
1567 651 1620 689 ut
1649 641 1872 690 salicibus
1897 651 1948 698 at

538 715 790 767 arboribus
812 716 951 766 variis
964 751 977 775 ‚
999 715 1146 780 spinis
1168 731 1224 763 ac
1240 715 1467 780 dumetis,
1493 735 1662 767 omnes
1683 720 1783 784 agri
1800 719 1852 767 in
1870 718 1948 769 sit-

536 811 706 845 varum
729 810 914 843 morem
935 793 1324 846 densissimarum
1346 805 1641 860 tegerentur,
1681 807 1728 845 et
1758 797 1946 846 viamm

537 882 679 937 atque
701 872 925 923 itinerum
949 872 1026 921 vix
1048 871 1142 919 ulla
1156 872 1256 935 jam
1277 883 1559 938 apparerent
1579 874 1790 938 vestigia.
1815 914 1818 918 .

601 949 760 1000 Talem
782 951 942 1015 itaque
959 959 1008 998 et
1028 959 1127 999 tam
1147 949 1501 999 lamentabilem
1525 951 1709 1006 cladem
1728 953 1810 1001 illa
1830 962 1947 1001 tunc

537 1028 667 1091 regio
689 1028 910 1080 sustinuit
925 1044 952 1076 a
965 1029 1184 1092 Sequana
1199 1027 1345 1075 fluvio
1360 1044 1506 1092 usque
1525 1029 1587 1077 ad
1601 1031 1941 1088 Summonam,

537 1115 584 1152 et
608 1104 668 1153 ab
696 1108 821 1154 Isara
848 1122 1001 1170 usque
1024 1104 1086 1153 ad
1116 1107 1390 1166 Oceanum;
1424 1121 1573 1170 quam
1601 1107 1769 1172 procul
1798 1106 1947 1155 dubio

470 1226 474 1230 .
536 1183 671 1231 facile
705 1185 882 1232 evitare
913 1184 1144 1249 potuisset
1159 1219 1173 1244 ,
1199 1184 1237 1230 si
1263 1184 1309 1230 in
1346 1184 1536 1233 Francis
1565 1183 1662 1233 ulla
1681 1184 1827 1248 fides,
1852 1184 1949 1235 ulla

537 1263 687 1327 pietas
731 1271 778 1308 et
814 1261 1027 1309 militaris
1060 1260 1310 1326 disciplina
1350 1271 1465 1313 tunc
1507 1261 1720 1311 fuissent.
1757 1265 1876 1311 Nam
1909 1265 1950 1317 si

535 1338 630 1386 illic
651 1339 919 1404 quingentae
935 1339 1272 1387 tantummodo
1287 1339 1480 1400 lanceae,
1499 1339 1562 1387 ad
1579 1339 1951 1391 conducendum

535 1415 669 1464 illum
693 1419 985 1464 Francorum
1008 1417 1108 1480 regi
1129 1416 1486 1466 devotissimum
1507 1417 1766 1482 populum,
1799 1419 1952 1469 misum

537 1493 733 1541 fuissent
749 1494 838 1542 sub
859 1493 967 1542 fidis
990 1493 1192 1542 ducibus
1207 1531 1220 1552 ,
1246 1494 1593 1560 rempublicam
1614 1495 1750 1544 cordi
1769 1496 1952 1547 haben-

537 1570 692 1629 tibus,
711 1582 760 1621 et
775 1572 1157 1636 Rofflomagum,
1180 1582 1228 1619 et
1240 1583 1409 1623 eaetera
1424 1572 1548 1621 illius
1565 1575 1726 1639 patriae
1744 1576 1925 1642 oppida
1936 1613 1949 1637 ‚

536 1648 703 1696 labore
724 1659 773 1697 et
794 1651 1015 1715 periculis
1036 1651 1160 1698 illius
1180 1650 1349 1715 optimi
1363 1650 1556 1716 populi,
1578 1652 1759 1718 absque
1775 1670 1951 1720 magno

537 1736 584 1774 et
606 1726 785 1775 difficili
816 1729 1036 1792 negotio,
1063 1736 1447 1792 recuperassent,
1472 1737 1521 1775 et
1547 1728 1608 1776 de
1640 1729 1801 1794 Anglia
1821 1731 1954 1786 illam

536 1806 739 1870 patriam
760 1815 1122 1871 repurgassent,
1148 1806 1475 1870 integramque
1498 1815 1640 1871 atque
1662 1809 1955 1859 incolumem

537 1893 816 1931 servassent.
860 1886 967 1931 Non
1006 1884 1136 1930 enim
1175 1884 1334 1931 minus
1371 1883 1775 1950 Rothomagenses
1805 1887 1856 1936 id
1885 1887 1956 1937 nf-

538 1960 775 2009 sectabant
797 1972 1173 2027 caeterorumque
1199 1961 1492 2028 oppidorum
1525 1964 1651 2012 cives
1668 2002 1680 2025 ,
1712 1981 1860 2030 quam
1886 1966 1956 2015 illi

540 2055 764 2102 agrorum
787 2041 985 2106 populi,
1014 2041 1227 2105 quotidie
1251 2040 1575 2105 praestolantes
1610 2052 1663 2089 ut
1700 2043 1762 2091 ad
1791 2060 1843 2092 so
1871 2060 1954 2110 ag-

539 2133 651 2165 men
685 2117 803 2166 illud
834 2118 1141 2184 popularium
1179 2117 1489 2180 adventaret,
1507 2129 1559 2167 ut
1581 2119 1670 2185 ipsi
1702 2137 1752 2168 se
1774 2120 1836 2168 de
1865 2125 1955 2170 An·

540 2196 669 2259 glicis
691 2198 913 2263 expedire
942 2198 1347 2264 opportunitatem
1369 2197 1618 2246 haberent.
1655 2198 1748 2246 Sed
1770 2215 1871 2248 non
1897 2216 1955 2248 ea

539 2273 725 2321 affectio
755 2266 973 2323 aut'oura
1002 2276 1087 2323 suit
1120 2275 1209 2322 illis
1234 2278 1526 2322 Francorum
1548 2275 1749 2324 ducibus
1771 2277 1955 2343 patrim-

539 2367 633 2416 que
652 2351 776 2399 illius
801 2353 1045 2401 nobilibus
1062 2389 1075 2414 ,
1101 2354 1185 2418 qui
1200 2353 1311 2400 illuc
1327 2363 1649 2401 occurrerant.
1672 2354 1956 2404 Invidebant

540 2431 669 2478 enim
691 2431 874 2497 populo
897 2442 1094 2498 propter
1117 2448 1172 2480 ea
1195 2449 1300 2497 quae
1329 2432 1390 2480 ab
1413 2433 1479 2480 eis
1514 2449 1740 2498 prospere
1772 2434 1956 2482 initiata
1981 2435 1984 2438 ’
2064 2495 2065 2502 ¹

541 2508 749 2570 fuerant,
781 2509 870 2557 sibi
905 2527 1131 2574 magnum
1166 2510 1430 2575 periculum
1463 2522 1510 2558 et
1543 2514 1836 2559 Francorum
1856 2511 1956 2559 im-

540 2587 674 2651 perio
696 2588 946 2636 imminere
975 2588 1218 2636 falsissime
1243 2598 1386 2653 atque
1408 2589 1685 2654 impiissime
1699 2589 1951 2654 Jactantea,

541 2666 580 2712 si
616 2667 823 2732 populos
856 2667 962 2715 illos
993 2678 1125 2716 tanta
1159 2669 1354 2716 felicitas
1385 2679 1665 2734 sequeretur
1699 2679 1752 2718 ut
1785 2667 1956 2734 Anglos

596 2844 634 2880 1.
659 2844 714 2880 Le
732 2843 857 2881 meme
878 2842 1030 2882 tableau
1056 2856 1097 2882 se
1121 2852 1303 2883 retrouve
1327 2856 1421 2882 avec
1450 2856 1493 2883 ce
1520 2841 1676 2880 dernier
1693 2838 1781 2880 trait
1798 2837 1892 2878 dans
1919 2835 1954 2878 le

541 2899 815 2947 Breviloquium
835 2897 883 2936 de
902 2905 1013 2936 notre
1032 2906 1182 2937 auteur.
