2086 3528
700 382 845 420 LIBER
871 381 1090 421 TERTIUS.
1533 386 1576 423 11
1587 388 1604 424 1

197 465 496 527 vulneratus,
520 465 732 530 captivus
764 479 877 512 cum
914 465 1153 531 aliquibus
1178 464 1423 514 nobilibus
1446 468 1613 517 Belva-

196 555 307 591 eum
325 558 353 589 a
376 542 565 589 Francis
589 531 824 590 adductue
849 552 935 590 est.
964 543 1056 590 Ubi
1081 558 1181 609 pree
1201 545 1411 604 tristitia,
1434 546 1567 609 quod
1583 559 1611 594 a

196 630 293 668 tam
316 631 461 686 parva
482 635 629 667 manu
656 630 701 667 et
724 630 821 668 tam
855 623 1058 687 turpiter
1076 622 1226 669 victus
1260 622 1608 686 succubuisset,

196 697 333 746 sium]
365 708 413 746 et
445 698 594 746 animi
628 699 700 745 sui
736 699 883 746 nimia
912 709 1078 764 agente
1109 699 1356 765 superbia,
1380 700 1447 748 ob
1468 714 1614 766 quam

197 775 342 824 otiam
370 775 502 823 utilia
535 775 884 823 medicamenta
920 793 1009 824 suo
1041 776 1226 825 vulneri
1262 779 1478 826 curando
1510 794 1611 827 non

197 851 382 903 sinebat
401 852 667 913 admoveri,
687 854 852 918 paucis
872 852 1057 901 effluxis
1075 853 1259 914 diebus,
1280 866 1497 903 mortuus
1513 866 1608 904 est:

199 945 399 994 magnus
416 930 632 996 profecto
654 930 806 978 hostis
827 934 1140 991 Francorum,
1158 942 1205 979 et
1222 932 1450 980 libertatis
1471 945 1614 998 atque

191 1007 381 1073 justitia
413 1009 708 1074 populorum
747 1009 1121 1071 inimicissimus,
1157 1019 1204 1057 et
1240 1012 1526 1076 praesertim‚
1562 1023 1616 1060 ut

197 1085 428 1148 diximus,
466 1103 635 1135 eorum
672 1089 755 1153 qui
780 1087 1051 1136 Caletenses
1087 1102 1225 1153 agros
1255 1087 1490 1137 incolunt.
1521 1091 1614 1138 Sed

198 1162 260 1212 ad
295 1167 492 1212 eosdem
528 1165 703 1228 Anglos
737 1182 835 1212 non
870 1165 1103 1230 imparem
1134 1167 1311 1214 amoris
1345 1177 1488 1232 atque
1516 1168 1617 1215 odii

198 1241 352 1289 vicem
373 1241 518 1289 iidem
550 1242 718 1308 populi
751 1242 1032 1290 referebant.
1057 1243 1196 1290 Unde
1217 1253 1333 1291 tunc
1361 1244 1428 1291 illi
1455 1246 1617 1310 patriae

199 1318 456 1382 Caletensi,
483 1337 588 1384 quae
617 1330 722 1368 tum
752 1321 1043 1387 populorum
1072 1321 1336 1386 frequentia
1373 1331 1420 1370 et
1448 1337 1615 1370 nume—

199 1397 421 1458 rositate,
454 1398 564 1445 licet
596 1398 645 1445 in
680 1415 758 1460 ea,
791 1408 960 1463 praeter
982 1390 1372 1464 'Rothomagunh
1407 1401 1618 1448 civitates

199 1474 340 1522 nullae
372 1474 466 1522 sint
497 1485 543 1522 et
574 1476 753 1540 oppida
783 1477 1019 1524 rarissima
1043 1492 1132 1542 pro
1163 1479 1263 1540 agri
1297 1479 1613 1543 spatiositate,

199 1562 391 1600 caeteras
412 1555 703 1608 Francorum
732 1552 1004 1620 provincias
1037 1554 1275 1613 anteibat,
1302 1556 1617 1603 infortunium

199 1633 462 1679 maximum
483 1642 530 1680 et
552 1632 615 1681 ad
644 1642 830 1698 tempus
857 1633 1000 1680 totale
1032 1633 1366 1681 exterminium
1389 1635 1615 1700 contigit;

200 1710 334 1775 quod
378 1710 579 1776 qualiter
619 1707 851 1773 evenerit,
890 1711 1078 1759 silentio
1119 1713 1357 1777 praeterire
1394 1725 1494 1760 non
1532 1712 1619 1761 de-

199 1787 388 1836 bemus.

697 1955 1036 2007 CAPITULUM
1069 1963 1127 2008 V.

230 2077 389 2122 Qualiter
404 2077 601 2112 Caletenses
615 2076 781 2113 adversus
796 2079 928 2125 Anglos
944 2078 1159 2113 rebellarunt
1175 2087 1210 2113 et
1223 2079 1269 2113 ab
1285 2078 1334 2115 eis
1350 2080 1594 2116 miserabiliter

777 2148 935 2186 oppressi
956 2147 1049 2175 sunt.

269 2250 382 2295 Erat
413 2257 528 2295 tunc
558 2247 682 2294 inter
711 2256 922 2294 armatos
944 2249 1236 2296 Francorum
1259 2248 1320 2296 de
1341 2250 1442 2316 ipsa
1468 2251 1622 2317 patria

204 2326 437 2376 Caletensi
458 2325 642 2375 habens
673 2326 908 2391 originem
942 2326 1141 2392 quidam
1172 2328 1371 2376 Carolus
1398 2328 1460 2377 de
1486 2330 1622 2378 Palu—

205 2404 372 2465 dibus‚
401 2405 553 2470 patria
573 2403 736 2469 lingua
759 2408 1094 2467 Desmarestz,
1118 2406 1272 2453 homo
1300 2406 1515 2472 plebeius
1550 2417 1620 2467 et,

207 2491 259 2530 ut
280 2481 486 2541 aiebant,
509 2496 734 2546 aggerum
752 2492 800 2529 et
814 2482 1051 2530 fossarum
1075 2481 1400 2531 faciendarum
1414 2485 1578 2532 artifex
1591 2489 1618 2531 ¹.

208 2561 296 2608 Hic
317 2577 428 2608 cum
449 2569 602 2607 certos
625 2570 832 2608 armatos
851 2564 1145 2608 Francorum
1166 2561 1255 2609 sub
1272 2578 1361 2610 suo
1384 2563 1556 2611 ducatu
1579 2573 1626 2610 et

209 2646 442 2705 potestate
457 2637 655 2686 haberet
667 2674 680 2698 ,
702 2637 752 2685 in
770 2638 983 2703 quodam
1010 2648 1168 2687 castro
1192 2640 1326 2703 quod
1343 2640 1601 2688 Rambures
1612 2643 1627 2664 ¹

263 2786 301 2823 1.
333 2783 365 2821 Il
393 2781 508 2821 brilla
531 2781 666 2834 depuis
685 2795 834 2822 comme
853 2783 1042 2836 capitaine
1056 2783 1163 2823 ⁴dans
1193 2785 1249 2824 les
1269 2784 1418 2823 armees
1439 2783 1487 2821 de
1506 2783 1625 2823 Char-

211 2846 267 2884 les
284 2846 357 2884 VII
374 2851 413 2881 et
432 2842 480 2881 de
497 2841 617 2880 Louis
634 2843 702 2882 XI.

267 2908 307 2944 2.
334 2901 594 2952 Aujourd'hui
613 2901 707 2941 dans
722 2902 758 2941 le
777 2902 1044 2954 departement
1065 2903 1112 2942 de
1132 2903 1170 2942 la
1191 2906 1359 2943 Somme.
