2086 3528
725 305 874 352 mmm
904 310 1126 354 TERTIUS.
1565 312 1643 351 135⁵

217 395 282 448 lfa
311 397 555 465 equitum,
587 397 671 463 qui
695 403 835 462 agros
857 393 964 444 illos
1001 397 1289 446 vastissimos
1313 394 1639 459 Normanniae,

218 467 370 547 usqhe
395 473 458 528 ad
486 476 651 545 viginti
673 466 858 538 leucaS‚
893 473 1128 527 continuo
1153 468 1547 545 quaquaversum*
1568 478 1644 526 in-

217 553 494 621 cursabant,
525 567 573 608 et
595 551 759 607 omnia
779 559 1098 626 populabant.
1134 559 1203 607 Ex
1228 552 1427 626 captivis
1449 552 1645 626 quoque

217 628 441 706 ag‘torum
463 636 729 687 cultoribus
751 638 799 685 'et
820 639 1020 701 caeteris,
1048 637 1224 704 quibus
1254 647 1427 687 manus
1448 633 1644 703 injicere

216 719 510 785 potuisse'nt5
538 708 700 765 totum
721 714 841 764 illud
865 733 1007 764 suum
1029 714 1267 783 oppidum
1290 715 1573 783 implebant.

285 792 432 848 Porro
463 792 581 846 dum
615 792 726 846 talia
761 815 784 845 a
819 798 1009 846 Francis
1041 815 1127 865 per
1166 815 1306 862 agros
1342 793 1646 845 Normanniae

217 875 558 940 factitarentur,
581 875 807 925 manebat
825 877 1006 925 interea
1028 876 1143 924 urbs
1163 871 1453 924 Parisiorum
1475 877 1523 924 in
1547 887 1646 925 ma-

216 956 319 1022 gnis
341 956 592 1021 angustiis,
623 964 698 1016 ut,
732 967 831 1021 quo
859 972 908 1002 se
947 948 1212 1016 divertens,
1238 952 1300 1003 ab
1320 955 1378 1002 iis
1404 965 1564 1021 posset
1596 965 1647 1004 se

217 1026 423 1084 eximere
445 1027 637 1101 penitus
664 1035 920 1099 ignoraret.
936 1033 1147 1082 *Carolus
1173 1034 1327 1093 enim,
1350 1032 1644 1081 Francorum

215 1121 298 1163 rex
309 1152 322 1178 ,
348 1121 608 1180 postquam
625 1112 687 1162 ab
707 1112 967 1179 Anglorum
983 1130 1132 1161 manu
1147 1114 1298 1178 ipsam
1316 1120 1640 1178 recuperarat,

216 1202 323 1242 eam
367 1193 515 1241 semel
557 1199 745 1241 tantum
781 1209 883 1239 non
924 1191 1155 1258 amplius,
1191 1195 1238 1239 et
1267 1208 1357 1238 nec
1402 1191 1494 1238 nisi
1524 1198 1643 1256 pau-

215 1292 387 1324 corum
421 1269 611 1322 dierum
638 1273 819 1340 spatio,
852 1272 1103 1322 visitavit¹.
1130 1268 1268 1320 Unde
1290 1272 1522 1337 languens
1548 1283 1643 1321 tota

215 1356 264 1402 et
280 1354 530 1417 exsanguis
548 1352 888 1417 confectaque,
912 1350 1094 1416 absque
1117 1350 1209 1397 ulla
1229 1368 1364 1416 paene
1382 1350 1645 1416 respirandi

216 1449 299 1498 spe
335 1423 571 1496 praestita,
601 1424 820 1494 jacebat,
856 1428 949 1477 nisi
982 1429 1219 1476 Dominus
1254 1447 1312 1477 ex
1343 1426 1440 1477 alto
1474 1436 1646 1476 cuncta

216 1507 542 1577 prospiciens,
570 1502 762 1573 adjutor
803 1524 992 1574 semper
1027 1508 1074 1554 in
1111 1507 1551 1574 opportunitatibus
1596 1508 1645 1554 in

217 1590 557 1650 tribulatione,
591 1587 750 1636 Caroli
777 1587 900 1651 regis
941 1587 1185 1648 animum,
1217 1586 1351 1633 velut¹
1376 1585 1523 1650 longo
1565 1603 1646 1634 so-

217 1686 336 1736 pore
359 1677 632 1736 torpentem
656 1683 712 1715 ac
735 1667 988 1714 remissum
1003 1703 1016 1728 ‚
1037 1665 1096 1713 ad
1120 1663 1455 1713 subventionis
1479 1665 1644 1727 solatia

218 1740 375 1799 eidem
397 1746 507 1798 urbi
527 1740 794 1815 praestanda
818 1748 1083 1797 excitasset.

688 1936 1031 1981 CAPITULUM
1070 1936 1172 1980 XII.

245 2050 462 2094 1nsurrectio
480 2048 655 2093 Ludovici
670 2084 680 2101 ,
696 2057 865 2106 Delphini
880 2057 1109 2102 Viennensis,
1126 2054 1294 2092 adversus
1310 2060 1430 2103 regern
1441 2056 1624 2098 Cat-olum,

794 2125 930 2164 patrem
946 2129 1061 2154 suum.

285 2209 505 2270 Habebat
527 2221 680 2270 filium
708 2233 822 2269 tunc
846 2223 1045 2271 unicum
1063 2260 1074 2282 ‚
1098 2221 1398 2269 Ludovicum
1418 2221 1616 2269 nomine
1637 2260 1647 2283 ⁷

221 2304 271 2351 in
284 2320 382 2368 quo
399 2321 507 2370 spes
524 2314 624 2352 tota
643 2314 759 2356 tunc
777 2305 962 2368 generis
982 2303 1282 2370 propagandi
1298 2305 1528 2369 regnique
1543 2321 1647 2350 suc-

223 2385 451 2432 cessionis
473 2375 724 2446 manebat3
746 2386 825 2434 cui
839 2423 851 2446 ,
872 2403 983 2434 cum
1001 2387 1188 2434 circiter
1204 2385 1449 2434 decimum
1467 2395 1653 2433 sextum

205 2463 371 2511 'aetatis
407 2469 601 2511 annum'
621 2474 809 2530 ageret,
839 2474 886 2512 et
909 2476 1030 2512 esset
1054 2465 1247 2532 ingenio
1273 2465 1371 2512 acri
1390 2502 1402 2526 ‚
1425 2460 1655 2528 regnandi

282 2604 320 2646 1.
352 2602 536 2646 L'auteur
555 2617 647 2646 veut
666 2603 794 2661 parler
812 2609 863 2648 du
885 2609 1013 2658 sejour
1034 2624 1109 2662 que
1138 2609 1173 2649 le
1194 2611 1250 2648 roi
1273 2612 1312 2648 fit
1327 2612 1355 2648 ‘a
1382 2610 1489 2648 Paris
1513 2610 1590 2646 101>-
1610 2609 1657 2646 de

226 2676 271 2706 sa
288 2667 450 2718 joyeuse
469 2668 602 2707 entree
615 2681 663 2707 en
679 2670 798 2709 1437.
825 2669 1050 2723 Cependant
1067 2672 1094 2709 il
1107 2679 1164 2710 est
1186 2671 1332 2709 certain
1360 2669 1453 2721 qu’il
1477 2677 1658 2706 retourna

232 2740 373 2766 encore
392 2727 489 2766 dans
508 2736 605 2766 cette
635 2729 727 2768 ville
748 2732 861 2782 apres
886 2731 923 2769 la
949 2731 1143 2770 reddition
1173 2731 1221 2769 de
1246 2731 1426 2769 Pontoise
1458 2742 1504 2767 en
1537 2730 1655 2766 1444.

227 2788 323 2826 Voir
348 2788 385 2826 la
402 2788 615 2838 Chronique
633 2790 682 2826 de
695 2793 834 2839 Berry,
859 2790 954 2830 dans
971 2791 1188 2843 Godefroy,
1211 2806 1250 2843 μ.
1274 2793 1369 2838 417,
1390 2799 1428 2828 et
1446 2790 1482 2828 le
1499 2792 1662 2828 Journal

229 2849 319 2885 d'un
341 2851 541 2899 Bourgeoi.s·
566 2851 613 2886 de
638 2851 762 2890 Paris.
