2086 3528
712 305 858 348 mm
882 304 1124 359 QUARTUS.
1564 310 1640 354 167

235 395 337 457 mit,
362 403 474 442 cum
497 403 583 460 per
601 402 727 456 eam,
755 394 823 442 stc
844 387 894 442 ln
919 394 1136 444 debitum
1158 395 1375 445 ordinem
1396 404 1445 445 et
1467 398 1530 445 ad
1556 400 1643 446 rni-

231 469 416 520 mmm
455 471 752 538 disciplinam
787 472 1060 535 redactam,
1102 469 1291 524 merum
1330 475 1639 543 postmodum

232 559 404 602 &uncta
433 558 708 620 fflffllperata
737 562 841 618 quae
863 554 924 603 ab
958 555 1162 620 Anglicls
1177 595 1190 619 ‚
1216 558 1315 605 lam
1337 557 1386 604 ln
1411 559 1641 606 NOP'mfin·

231 630 311 678 nia
337 640 483 696 quam
508 632 560 679 in
590 630 843 697 Aquitania
858 668 872 694 ‚
897 633 1279 698 possidebantur,
1309 635 1494 701 ipsique
1525 636 1640 684 inde

229 718 424 776 prorsus
445 718 492 759 et
521 711 623 759 sine
648 721 823 776 magno
851 713 1044 777 negotio
1066 713 1190 779 pulsi
1212 716 1259 761 et
1281 713 1472 778 dejecti,
1497 723 1641 780 prout

230 798 318 836 suo
339 788 508 837 ordine
530 789 579 836 in
601 790 1001 855 consequentibus
1023 790 1296 839 referemus.

293 859 486 915 Delecta
506 877 666 915 autem
688 869 738 916 in
761 868 892 916 hunc
916 868 1118 917 modum
1140 869 1329 928 militia,
1361 870 1409 915 et
1430 868 1639 934 descripa

228 943 358 991 tione
380 952 466 1010 per
497 955 609 992 suos
631 954 857 993 numeros
886 945 1034 1008 sacta,
1065 944 1246 1010 reliqua
1277 945 1533 992 multitudo
1563 954 1640 993 ars

228 1027 486 1084 matorum,
511 1035 615 1087 quae
636 1036 782 1088 supra
802 1023 1134 1087 hujuscemodi
1157 1034 1414 1071 ‘numerum
1436 1023 1641 1072 maxima

213 1108 358 1161 erat,
393 1100 552 1148 edicto
586 1098 730 1164 regali
757 1101 890 1165 jussa
919 1105 989 1149 est
1027 1101 1088 1150 ab
1116 1103 1259 1150 armis
1290 1100 1554 1162 discedere,
1590 1107 1639 1148 et

226 1176 420 1225 cuilibet
445 1182 735 1243 praeceptum
764 1178 929 1226 datum
958 1187 1008 1226 'ut
1042 1178 1105 1227 ad
1144 1177 1347 1226 domum
1384 1188 1519 1225 suam
1556 1182 1640 1225 aut

226 1253 367 1315 alias,
412 1270 511 1320 quo
548 1254 715 1316 vellet,
755 1255 1152 1321 proficisceretur,
1183 1256 1260 1304 vel
1296 1256 1394 1303 ruri
1434 1255 1637 1303 colendo

226 1342 423 1399 operam
446 1333 669 1396 daturus»,
697 1334 772 1382 vel
793 1334 882 1382 arti
899 1334 1040 1382 alicui
1058 1333 1208 1396 licite,
1231 1335 1271 1381 si
1292 1344 1399 1381 eam
1418 1333 1634 1393 haberet,

225 1416 506 1472 vacaturus,
547 1419 628 1459 aut
659 1411 857 1476 alicujus
892 1412 1076 1459 domini
1110 1412 1353 1460 servitium
1386 1413 1633 1477 petiturus.

226 1491 335 1547 Quo
361 1490 519 1538 edicto
542 1491 815 1555 proposito,
841 1492 998 1538 statim
1020 1494 1122 1538 tota
1146 1490 1226 1538 illa
1258 1490 1449 1554 grandis
1479 1489 1638 1537 multi‘-

223 1565 343 1614 tudo
374 1568 436 1615 ad
458 1560 643 1616 diversa
674 1578 820 1633 opera
853 1584 902 1615 se
930 1567 1134 1615 contulit
1151 1604 1164 1628 ‚
1199 1569 1244 1615 et
1267 1564 1478 1615 diversas
1504 1567 1636 1631 regni

222 1647 493 1711 provincias
510 1685 523 1709 ,
549 1647 679 1695 unde
712 1648 913 1712 quisque
943 1646 1018 1695 vel
1039 1646 1248 1695 habebat
1269 1647 1528 1710 originem,
1556 1649 1637 1693 aut

222 1723 306 1771 ubi
337 1725 539 1773 modum
559 1726 634 1773 vel
657 1726 915 1791 practicam
936 1725 1145 1790 aliquam
1165 1725 1359 1772 vivendi
1387 1725 1633 1791 reperiret,

223 1817 273 1849 se
303 1802 522 1861 reduxit,
549 1803 727 1868 absque
748 1796 843 1852 hoc
866 1803 998 1867 quod
1016 1798 1169 1850 turbae
1190 1803 1358 1867 aliquae
1380 1803 1636 1850 seditioso-

222 1895 330 1927 rum
363 1890 410 1928 et
440 1881 765 1946 inquietorum
790 1881 1044 1929 hominum
1083 1881 1274 1943 fierent,
1319 1881 1635 1945 quemadmo-

222 1956 338 2005 dum
374 1975 496 2024 saepe
536 1959 586 2005 in
625 1958 859 2007 similibus
898 1959 1086 2008 casibus
1116 1969 1305 2007 constat
1342 1959 1484 2007 fuisse
1519 1976 1637 2025 prae-

219 2048 480 2103 sumptum.

286 2115 493 2164 Redacta
517 2125 677 2164 autem
704 2116 771 2164 sic
797 2134 883 2182 per
915 2134 1143 2166 numeros
1167 2113 1397 2165 diffinitos
1426 2128 1472 2165 et
1497 2118 1636 2165 certis

221 2187 422 2242 ducibus
446 2194 592 2242 totius
625 2190 757 2259 regni
786 2194 977 2255 militia,
1018 2213 1103 2262 per
1131 2197 1338 2261 singulas
1368 2197 1637 2261 provincias

222 2270 472 2319 distributa
506 2282 600 2332 est,
641 2282 695 2319 ut
727 2272 947 2338 quaelibet
989 2275 1123 2338 regni
1162 2274 1462 2340 portiuncula
1501 2290 1638 2321 suam

220 2343 419 2395 haberet
440 2361 655 2414 quotam,
678 2346 728 2398 in
752 2368 845 2416 qua
868 2353 943 2399 vel
961 2362 1173 2414 centum,
1197 2353 1271 2399 vel
1286 2351 1503 2417 pluribus
1519 2369 1637 2417 pau-

223 2424 491 2474 cioribusve
512 2427 727 2488 lanceis¹,
748 2429 1014 2477 secundum
1037 2430 1346 2495 capacitatem
1371 2431 1638 2478 facultates-

223 2519 317 2567 que
344 2495 590 2566 locorum,
621 2505 947 2570 praeberentur
981 2504 1188 2574 hospitia
1218 2525 1328 2555 cum
1361 2507 1638 2573 supellectili

223 2581 504 2628 necessaria.
533 2581 682 2630 Porro
708 2601 835 2645 cum,
861 2584 998 2632 initio
1023 2602 1121 2650 quo
1142 2586 1423 2650 hujusmodi
1447 2585 1568 2632 ordo
1592 2594 1638 2631 et

225 2659 411 2705 numeri
451 2658 653 2707 militum
683 2662 845 2709 statuti
875 2674 1015 2722 sunt,
1050 2673 1182 2711 tanta
1225 2673 1344 2711 esset
1379 2662 1634 2726 exiguitaS,

279 2773 316 2808 1.
344 2774 450 2810 Dans
468 2773 503 2811 le
521 2775 729 2813 manuscrit
753 2794 770 2810 «
792 2777 833 2814 in
853 2790 968 2827 quam
989 2778 1051 2816 vel
1073 2786 1227 2817 centum
1246 2778 1309 2815 vel
1329 2776 1459 2827 plures
1478 2769 1635 2825 paucio-

224 2842 334 2868 resve
352 2831 506 2870 lanceae.
527 2850 541 2866 υ
