2086 3528
729 352 876 389 LIBER
903 353 1132 400 QUINTUS.
1563 355 1635 393 321

224 446 279 477 ac
302 432 391 496 piis
409 442 454 480 et
478 432 664 480 devotis
681 434 898 482 Ecclesiae
923 436 1352 501 supplicationibus
1374 436 1606 501 indigeret
1625 456 1635 485 :

225 508 354 555 unde
393 526 483 556 nec
518 509 714 557 feliciter
744 528 834 559 nec
870 511 1019 560 fauste
1053 513 1142 560 sibi
1175 530 1278 561 rem
1310 531 1642 578 processuram

224 585 511 634 existimaret
526 624 538 645 ‚
570 587 609 634 si
632 604 788 636 sacras
809 590 1113 637 ecclesiarum
1143 592 1370 656 pecunias
1395 592 1531 657 (quae
1550 593 1643 640 usi-

224 660 314 708 bus
353 664 494 710 sacris
529 675 575 712 et
610 682 856 712 servorum
893 668 981 714 Dei
1018 684 1074 715 ac
1105 685 1373 733 pauperum
1407 670 1644 718 alimoniae

224 739 459 805 deputatae
490 741 717 806 fuissent)
741 744 790 789 in
824 744 1052 808 prOFanos
1084 761 1198 792 usus
1231 762 1508 808 guerrarum
1534 763 1643 795 sua-

225 835 330 865 rum
350 829 646 867 converteret
663 839 675 880 3
699 837 788 868 nec
804 821 1026 886 expedire
1045 822 1134 869 sibi
1151 823 1286 887 quod
1300 823 1414 871 tales
1431 825 1645 889 pecuniae

225 897 319 943 suis
339 899 754 962 permiscerentur.
782 899 921 947 Unde
939 936 950 958 ‚
971 900 1079 947 licet
1098 910 1200 947 tum
1227 900 1288 947 ad
1316 918 1509 964 guerras
1537 919 1645 950 suas

224 973 538 1038 perficiendas
567 992 740 1039 magna
770 977 1048 1023 necessitate
1072 977 1385 1041 pecuniarum
1415 977 1644 1024 constric-

226 1061 300 1098 tus
326 1052 466 1099 fuerit
495 1053 589 1115 (ita
611 1063 663 1100 ut
696 1052 757 1100 ad
788 1063 979 1101 mutuas
1014 1053 1356 1118 exquirendas,
1383 1055 1644 1119 praesertim

225 1128 286 1176 ab
318 1131 585 1194 argentario
616 1147 704 1178 suo
736 1130 917 1178 Jacobo
949 1131 1143 1192 Cordis,
1172 1131 1233 1179 de
1261 1148 1358 1195 quo
1394 1148 1536 1197 supra
1569 1148 1646 1178 re-

226 1206 450 1267 tulimus,
486 1208 626 1255 fuerit
663 1207 752 1255 sibi
785 1210 1102 1256 necessarium
1141 1209 1444 1274 pervenire),
1485 1218 1644 1256 tamen

226 1301 315 1331 nec
353 1284 570 1332 ecclesias
604 1286 737 1348 regni
778 1285 873 1344 sui,
917 1302 1007 1333 nec
1045 1286 1382 1334 ecclesiasticas
1418 1302 1647 1351 personas

225 1362 387 1426 aliquo
429 1362 697 1410 collationis
741 1363 815 1410 vel
861 1364 1122 1411 exactionis
1166 1380 1366 1412 munere
1407 1366 1641 1412 oneravit.

225 1439 318 1486 Sed
373 1449 420 1487 et
468 1457 579 1488 cum
622 1439 881 1504 aliquando
901 1477 913 1501 ‚
964 1450 1219 1504 postquam
1266 1440 1327 1488 ab
1374 1439 1647 1487 infidelibus

227 1516 340 1563 urbs
363 1517 803 1582 Constantinopolis
819 1552 831 1576 ‚
856 1517 999 1564 totius
1020 1517 1263 1565 orientalis
1287 1518 1536 1581 quondam
1560 1517 1647 1563 im-

224 1595 344 1658 perii
378 1595 513 1642 sedes
544 1605 590 1642 et
623 1605 793 1660 caput,
826 1594 951 1660 proh
986 1594 1159 1643 dolor!
1197 1606 1337 1660 capta
1365 1596 1647 1660 direptaque

226 1672 416 1733 fuisset,
442 1677 696 1721 'Romanus
725 1673 938 1738 pontifex
963 1672 1024 1719 ab
1047 1673 1254 1720 ecclesiis
1279 1683 1327 1720 et
1349 1673 1478 1720 clero
1514 1673 1647 1737 regni

225 1761 272 1797 et
298 1751 612 1816 Delphinatus
643 1751 880 1798 decimam
904 1752 1121 1798 omnium
1152 1760 1476 1816 proventuum
1499 1751 1648 1799 eccle-

225 1827 524 1873 siasticorum
541 1836 815 1891 exposceret
828 1863 840 1887 ‚
865 1826 930 1873 ob
950 1842 1153 1890 eamque
1171 1843 1270 1874 rem
1296 1826 1646 1891 exsequendam

227 1904 481 1965 Alanum¹‚
519 1904 811 1952 cardinalem
845 1904 1224 1951 Avenionensem
1257 1905 1400 1968 vulgo
1430 1905 1645 1970 appella·

227 1991 347 2037 tum,
369 1981 429 2028 ad
443 1999 642 2045 regnum
659 1982 961 2037 destinasset,
981 1982 1064 2046 qui
1079 1998 1177 2028 non
1199 1981 1464 2029 secundum
1488 1992 1646 2029 taxam

227 2059 303 2106 vel
328 2060 593 2106 secundum
623 2076 790 2106 verum
819 2059 1031 2106 valorem
1056 2058 1401 2106 beneficiorum
1427 2060 1648 2108 eamdem

225 2137 383 2184 levare
405 2146 452 2184 et
470 2137 693 2201 colligere
713 2136 979 2183 conabatur
1003 2137 1022 2200 (
1038 2137 1169 2200 quod
1206 2137 1387 2184 clerum
1410 2138 1544 2201 regni
1576 2137 1649 2184 sui

228 2214 390 2263 multis
423 2216 701 2279 magnisque
734 2214 960 2261 molestiis
985 2223 1032 2260 et
1057 2214 1385 2262 vexationibus
1420 2214 1650 2262 involvis-

227 2293 351 2356 set),
377 2309 406 2340 a
427 2293 628 2358 praelatis
650 2303 697 2339 et
720 2293 849 2339 clero
879 2292 1183 2339 Normanniae
1212 2292 1271 2339 ad
1294 2292 1388 2339 hoc
1410 2292 1649 2339 advisatus

229 2381 275 2418 et
291 2381 483 2434 rogatus
501 2409 512 2432 ,
538 2387 635 2417 non
654 2371 768 2418 alias
785 2369 1063 2434 hujusmodi
1085 2370 1323 2417 decimam
1346 2371 1394 2416 in
1415 2373 1650 2417 Norman-

228 2449 307 2495 nia
326 2447 470 2495 levari
489 2449 731 2512 permisit,
758 2463 904 2512 quam
927 2446 1192 2494 secundum
1214 2456 1369 2494 taxam
1393 2464 1493 2494 non
1523 2457 1650 2493 vete·

227 2542 329 2572 rem
355 2525 436 2572 sed
462 2524 724 2572 reductam.
762 2528 833 2571 De
868 2541 965 2589 qua
1000 2541 1050 2571 re
1083 2524 1250 2582 etiam,
1280 2533 1326 2570 et
1355 2522 1486 2587 quod
1516 2523 1651 2570 aliter

230 2602 376 2651 levari
400 2602 594 2649 minime
618 2601 843 2663 deberet,
870 2601 1114 2667 privilegia
1135 2600 1395 2667 apostolica
1415 2598 1506 2646 sibi
1525 2599 1652 2647 exhi-

287 2779 325 2816 1.
357 2777 468 2815 Alain
493 2776 543 2815 de
567 2775 743 2828 Co'e'tivy‚
776 2775 924 2827 eveque
952 2775 1187 2828 d’Avignon.
1219 2777 1272 2813 La
1302 2763 1471 2827 legation
1503 2772 1597 2811 dont
1627 2773 1654 2810 it

237 2846 297 2878 est
316 2838 493 2890 question
511 2837 561 2876 ici
581 2846 646 2876 eut
667 2837 745 2875 lieu
763 2850 811 2875 en
833 2838 950 2875 1456.

342 2917 357 2940 1
1389 2901 1434 2937 21
