2086 3528
725 402 872 441 LIBER
898 402 1117 443 TERTIUS.
1558 404 1575 439 1
1584 404 1602 440 1
1613 407 1634 442 7

226 489 446 536 aerumnis
481 486 684 547 afflictae,
722 486 818 533 ulla
850 485 1176 533 subventionis
1210 484 1376 532 solatia
1396 484 1634 533 ministra-

224 565 323 614 bat.
354 564 490 612 Unde
513 564 735 612 effectum
759 574 829 611 est
862 573 916 610 ut
948 563 1083 610 brevi
1105 573 1320 627 tempore
1350 561 1431 610 illa
1459 561 1635 610 nobilis

225 643 471 710 quondam
507 642 685 707 patria,
715 641 906 707 populis
939 651 1080 706 atque
1120 640 1295 687 divitiis
1323 639 1634 688 abundantis-

224 722 367 781 sima,
401 721 451 768 in
473 719 666 767 totalem
691 720 956 766 vastitatem
987 729 1128 782 atque
1163 718 1509 766 desolationem
1542 718 1659 766 de-.

221 798 489 846 volveretur
505 833 518 857 ‚
544 796 734 844 incultis
774 807 820 844 et
850 795 1075 861 squalidis
1102 796 1274 843 relictis
1296 795 1522 843 omnibus
1547 795 1638 843 illis

223 875 496 924 vastissimis
519 876 658 940 agris.
685 878 850 922 Fames
879 875 1007 921 enim
1034 884 1164 921 tanta
1193 885 1240 922 et
1266 885 1362 922 tam
1383 873 1562 935 valida,
1590 884 1637 922 et

223 970 334 1001 cum
380 970 434 1002 ea
476 953 700 1019 pestifera
732 953 834 1000 lues
871 953 922 999 in
958 951 1048 999 illis
1079 953 1324 1018 potissime
1359 951 1534 999 finibus
1565 969 1637 1001 se-

223 1040 343 1079 cutae
372 1041 508 1091 sunt,
536 1041 587 1078 ut
615 1031 736 1078 ultra
767 1030 973 1077 ducenta
1003 1029 1150 1077 millia
1184 1031 1453 1078 animarum
1477 1029 1633 1092 ferro,

224 1107 348 1157 fame
368 1119 414 1157 et
435 1108 545 1157 tabe
569 1109 822 1173 absumpta
845 1107 980 1155 brevi
1007 1108 1235 1173 temporis
1258 1106 1505 1155 intervallo
1523 1108 1638 1154 aesti-

222 1187 344 1234 mari
374 1187 634 1252 potuerint.
669 1185 803 1233 Multi
824 1202 939 1232 vero
971 1185 1034 1233 ad
1061 1185 1268 1233 diversas
1290 1195 1437 1233 terras
1467 1187 1517 1232 in
1540 1185 1637 1232 dis-

222 1264 497 1330 persionem
536 1264 757 1311 abierunt
777 1301 789 1323 ,
819 1279 1026 1327 quorum
1056 1262 1230 1327 plures,
1275 1279 1385 1309 cum
1426 1263 1546 1310 freto
1587 1279 1638 1310 se

225 1342 579 1390 committerent
607 1351 684 1402 ut,
714 1341 786 1388 vel
821 1341 870 1387 in
899 1341 1190 1388 Britanniam
1212 1341 1529 1401 Armoricam,
1562 1340 1638 1387 vel

224 1421 275 1468 in
308 1421 527 1484 Angliam
560 1419 836 1480 transvecti,
866 1417 1102 1465 infelicem
1133 1419 1312 1465 victum
1345 1418 1558 1465 servituti
1588 1434 1638 1465 se

224 1497 496 1546 addicendo
525 1498 796 1546 invenirent
816 1534 828 1559 ,
852 1496 928 1544 vel
952 1496 1165 1560 absorpti
1190 1505 1301 1542 sunt
1320 1496 1443 1542 inter
1468 1495 1638 1541 fluctus

223 1574 572 1641 marinos,svel
614 1592 670 1622 ex
705 1574 924 1638 contagio
956 1573 1197 1619 sociorum
1222 1588 1342 1635 quos
1370 1572 1469 1635 jam
1496 1572 1639 1635 pestis

225 1654 470 1714 infecerat,
501 1654 685 1701 animas
720 1651 966 1717 ponebant
992 1651 1150 1698 statim
1180 1667 1291 1697 cum
1313 1650 1458 1714 petita
1479 1649 1638 1695 littora

222 1731 498 1795 attigissent.
537 1735 607 1779 Ita
641 1730 839 1777 miseros
875 1728 980 1776 illos
1011 1727 1241 1794 populos,
1268 1743 1368 1775 non
1402 1726 1560 1775 solum
1589 1728 1637 1774 in

223 1810 369 1857 natali
392 1809 520 1870 solo,
543 1809 625 1857 sed
647 1818 695 1856 et
714 1823 1019 1873 quocumque
1043 1823 1092 1854 se
1108 1806 1324 1854 conferre
1348 1815 1635 1871 satagerent,

223 1887 378 1935 luctus
402 1898 450 1935 et
468 1888 677 1935 lamenta
701 1885 1040 1950 sequebantur.

289 1965 554 2014 Miserabile
577 1975 678 2014 erat
700 1975 817 2012 tunc
839 1965 1002 2012 videre
1036 1966 1276 2029 egentium
1313 1975 1361 2013 et
1391 1965 1640 2013 mendico-

224 2061 333 2092 rum
355 2045 602 2109 utriusque
636 2061 775 2092 sexus
798 2053 1010 2091 catervas
1034 2053 1080 2091 et
1104 2043 1321 2090 cumulos
1354 2060 1440 2108 per
1462 2043 1641 2108 plateas

224 2133 270 2172 et
305 2124 556 2190 hospitalia
587 2123 717 2171 urbis
744 2122 1161 2185 Rothomagensis,
1189 2132 1236 2170 et
1259 2121 1551 2187 singularum
1575 2123 1641 2169 ci-

225 2201 425 2249 vitatum
450 2211 496 2249 et
521 2200 815 2266 oppidorum
851 2200 994 2247 totius
1016 2203 1341 2261 Normanniae,
1377 2199 1551 2264 quibus
1575 2200 1642 2264 pii

226 2278 351 2325 cives
376 2288 423 2325 et
442 2278 667 2338 humani,
710 2296 799 2344 pro
835 2279 1070 2325 concessis
1107 2277 1196 2325 sibi
1232 2277 1560 2335 facultatibus,
1595 2286 1645 2323 ut

230 2355 396 2403 melius
417 2366 665 2421 poterant,
693 2356 951 2404 studebant
970 2355 1251 2416 subvenire,
1284 2366 1387 2403 tum
1410 2373 1521 2402 cum
1545 2354 1643 2401 fru-

227 2432 376 2479 menti
398 2434 597 2498 penuria
622 2445 667 2483 et
692 2451 894 2482 annonae
918 2434 1103 2481 caristia
1118 2471 1129 2493 ,
1155 2432 1219 2480 ob
1243 2433 1396 2480 cultus
1419 2448 1643 2496 agrorum

230 2509 578 2572 desertionem,
604 2512 822 2559 maximae
841 2521 1019 2569 essent,
1046 2512 1111 2559 ita
1132 2521 1185 2558 ut
1208 2511 1304 2558 suis
1331 2511 1538 2576 propriis
1559 2526 1643 2556 ne-

228 2587 526 2635 cessitatibus
561 2589 833 2637 evincendis
855 2590 1009 2653 major
1029 2605 1139 2654 pars
1167 2590 1245 2636 vix
1270 2587 1521 2635 sufficeret.
1551 2586 1644 2643 Qui

241 2663 619 2714 abundantiores*
639 2667 810 2732 opibus
841 2676 998 2727 erant,
1032 2676 1172 2714 tantae
1195 2665 1529 2713 mendicorum
1552 2680 1644 2709 nu-

235 2744 494 2791 merositati
533 2746 727 2793 minime
766 2747 1079 2811 sufficiebant.
1110 2745 1390 2794 Caedebatur
1427 2743 1556 2790 enim
1598 2750 1646 2788 et

237 2821 507 2884 gravissime
529 2823 823 2886 affligebatur
840 2834 939 2871 tota
956 2825 1087 2888 regio
1110 2824 1252 2871 simul
1273 2822 1426 2869 tribus
1449 2820 1539 2867 illis
1555 2820 1647 2867 vir-

230 2899 297 2963 gis
314 2916 397 2949 seu
421 2899 614 2963 flagellis
635 2901 804 2948 divinae
818 2901 1032 2965 justitiae,
1057 2919 1248 2966 guerra,
1275 2901 1396 2947 fame
1421 2909 1466 2947 et
1486 2908 1642 2965 peste,
