2086 3528
503 382 553 420 36
883 378 1224 417 HISTORIARUM
1252 376 1435 415 CAROLI
1452 366 1532 412 'VII

571 462 761 527 Accepit
794 461 936 508 etiam
970 460 1100 508 idem
1135 461 1366 508 Henricus
1400 477 1510 507 cum
1544 457 1626 505 illo
1659 457 1835 505 foedere
1869 458 1916 504 in

504 541 758 604 conjugem
781 538 1027 585 dominam
1045 537 1364 597 Catharinam‚
1393 536 1605 601 ejusdem
1627 539 1920 583 Francorum

450 659 456 665 .
505 618 628 681 regis
661 616 824 674 filiam,
856 615 1014 662 Caroli
1037 618 1120 662 Vll
1153 625 1268 662 tunc
1297 615 1511 680 delphini
1543 629 1790 674 sororem,
1827 612 1922 660 fue·

504 704 711 759 runtque
743 693 920 759 nuptiae
955 709 1067 740 cum
1103 709 1279 756 magno
1309 703 1538 759 apparatu
1568 702 1615 739 et
1647 691 1780 755 regio
1807 691 1921 740 luxu

506 774 752 822 celebratae
774 774 823 820 in
842 773 1028 820 civitate
1047 774 1265 820 Trecensi
1287 774 1578 838 Campaniae.

574 854 669 898 Pax
704 851 845 897 etiam
871 849 1111 915 praedicta,
1145 859 1191 896 et
1213 865 1241 896 a
1270 849 1551 911 civitatibus,
1589 859 1636 896 et
1670 866 1697 897 a
1724 848 1921 914 singulis

508 930 592 994 qui
615 927 706 975 sub
734 927 916 975 ditione
945 931 1238 975 Francorum
1259 928 1380 990 regis
1403 927 1479 974 vel
1509 927 1651 975 etiam
1679 928 1800 990 regis
1828 930 1921 974 An-

509 1006 610 1070 gliae
637 1004 976 1062 consistebant,
1007 1004 1184 1068 ubique
1201 1004 1359 1068 jurata
1391 1004 1491 1051 fuit.
1519 1007 1577 1051 Et
1599 1004 1832 1069 quamdiu
1853 1004 1920 1052 ci·

508 1084 628 1131 vitas
665 1083 936 1130 Parisiensis
970 1083 1146 1129 mansit
1189 1082 1278 1129 sub
1319 1081 1591 1130 obedientia
1626 1083 1916 1147 Anglorum,

511 1177 679 1208 omnes
691 1160 974 1219 scholastici,
990 1158 1028 1206 si
1041 1159 1100 1207 ad
1117 1159 1318 1223 gradum
1334 1159 1539 1223 aliquem
1553 1160 1601 1206 in
1617 1176 1920 1226 quacumque

508 1238 728 1286 facultate
753 1237 1181 1302 promovebantur,
1217 1238 1340 1285 inter
1369 1238 1486 1299 alia,
1523 1240 1571 1284 in
1596 1254 1743 1285 manu
1766 1248 1920 1287 recto·

504 1332 612 1362 rum
651 1315 992 1375 Universitatis,
1029 1314 1307 1378 hujusmodi
1341 1331 1509 1380 pacem
1543 1332 1594 1362 se
1632 1325 1917 1376 servaturos,

504 1403 803 1441 sacramento
837 1392 1026 1440 firmare
1054 1392 1405 1456 adigebantur¹.
1437 1393 1530 1440 Sed
1556 1393 1616 1440 de
1645 1393 1923 1458 hujusmodi

502 1487 620 1536 pace
648 1480 695 1517 et
730 1470 830 1534 ejus
864 1470 1102 1535 capitulis,
1138 1487 1222 1518 seu
1257 1470 1317 1517 de
1351 1469 1730 1519 exhaederatione
1766 1472 1923 1520 Caroli

507 1548 738 1614 delphini,
759 1548 888 1595 unici
910 1557 1025 1593 tunc
1045 1546 1127 1594 filii
1141 1548 1288 1612 patris
1306 1548 1394 1608 sui,
1418 1565 1507 1595 nec
1525 1548 1627 1614 ipse
1646 1548 1918 1614 delphinus,

508 1642 597 1672 nec
620 1626 710 1684 sui,
737 1624 911 1688 quibus
930 1624 1072 1687 longe
1096 1625 1248 1688 major
1272 1642 1381 1690 pars
1403 1626 1536 1690 regni
1552 1626 1764 1690 parebat,
1790 1627 1924 1692 quid·

507 1720 653 1768 quam
675 1712 904 1750 curarunt
920 1738 931 1760 ‚
953 1702 1162 1750 dicentes
1185 1719 1214 1751 a
1233 1720 1341 1767 rege
1357 1713 1491 1770 patre
1514 1721 1620 1764 suo,
1645 1721 1744 1752 non
1770 1705 1818 1752 in
1837 1721 1923 1753 sua

505 1780 739 1840 libertate,
765 1780 847 1827 sed
867 1779 957 1827 sub
982 1779 1241 1844 Anglorum
1259 1791 1311 1828 et
1341 1782 1738 1844 Burgundionum
1761 1793 1921 1848 potes.-

506 1868 600 1905 tate
623 1858 902 1918 constituto,
928 1874 1018 1904 nec
1041 1867 1154 1905 tunc
1179 1875 1293 1906 sana
1314 1868 1472 1906 mente
1498 1859 1777 1922 exsistente,
1803 1859 1922 1908 nihil

507 1935 597 1983 tale
617 1935 823 1983 validum
850 1944 932 1982 aut
952 1935 1216 1998 legitimum
1249 1935 1350 1983 fleri
1378 1937 1603 2002 potuisse.
1638 1938 1782 1996 Quod
1804 1939 1922 1986 veri-

507 2012 722 2060 similiter
737 2029 986 2075 nunquam
1005 2013 1212 2060 facturus
1232 2013 1410 2074 fuisset,
1431 2015 1470 2061 si
1494 2031 1608 2062 sana
1626 2024 1786 2063 mente
1805 2024 1852 2062 et
1869 2014 1918 2062 in

508 2105 593 2137 sua
611 2090 753 2155 plena
775 2089 989 2137 libertate
1014 2091 1277 2137 mansisset.

574 2170 631 2213 Et
660 2168 761 2232 ipsa
783 2177 943 2214 autem
967 2168 1036 2214 sic
1059 2166 1245 2215 firmata
1269 2183 1403 2232 pace,
1429 2177 1476 2215 et
1503 2169 1665 2216 civitas
1682 2169 1920 2217 Parisien-

508 2244 599 2305 sis,
652 2253 697 2290 et
742 2244 952 2292 civitates
993 2245 1262 2309 Campaniae
1301 2254 1442 2309 atque
1483 2246 1583 2293 aliae
1621 2262 1727 2310 quae
1763 2256 1921 2311 partes

508 2322 923 2386 Burgundionum,
940 2322 1228 2369 ferventibus
1238 2322 1456 2370 civilibus
1467 2324 1598 2387 regni
1618 2323 1921 2372 dissensioni·

508 2397 616 2458 buS,
631 2409 802 2446 secutae
824 2409 976 2460 erant,
994 2400 1114 2446 sicut
1133 2399 1436 2462 Ambianum,
1458 2400 1726 2464 Belvacum‚
1744 2403 1920 2449 Novio-

510 2494 661 2538 mum,
709 2478 1046 2538 Silvanectum,
1096 2480 1381 2539 Carnotum,
1418 2480 1647 2539 Senones,
1691 2480 1920 2527 Autissio-

508 2555 712 2615 dorum,
746 2556 1004 2602 Matiscona
1038 2565 1086 2602 et
1120 2554 1269 2602 multa
1299 2554 1390 2602 alia
1421 2556 1598 2621 oppida
1633 2566 1680 2604 et
1708 2556 1916 2617 castella,

508 2642 736 2698 tanquam
756 2633 927 2680 Carolo
943 2633 1041 2696 regi
1064 2649 1152 2680 suo
1168 2632 1350 2679 devotae
1371 2649 1427 2680 ac
1452 2633 1631 2693 fideles,
1657 2634 1917 2698 Anglorum

561 2810 599 2847 1.
621 2811 803 2847 L'auteur
813 2808 958 2860 signale
971 2808 1019 2846 ici
1037 2821 1111 2846 une
1131 2808 1319 2846 formalite‘
1344 2810 1364 2846 a
1385 2808 1549 2860 laquelle
1567 2810 1593 2848 il
1614 2810 1670 2848 fut
1688 2809 1829 2849 soumis
1839 2809 1915 2848 lui-

507 2869 631 2905 meme
646 2896 657 2915 ,
678 2866 857 2919 puisqu'il
878 2867 961 2905 vint
980 2867 1130 2906 ctudier
1149 2869 1170 2905 ὲ
1191 2868 1295 2906 Paris
1316 2880 1364 2906 en
1386 2871 1503 2907 1424.

1928 0 2086 177 Ἴ,
