2086 3528
799 325 947 363 LIBER
973 326 1201 373 QUINTUS.
1295 375 1303 383 ,
1636 329 1711 366 317

296 408 515 473 nequiter
559 407 763 455 admissa
807 398 1084 458 condonare
1129 410 1286 458 vellet.
1332 410 1491 459 Talem
1533 412 1711 460 exitum

295 502 417 550 saepe
437 485 700 547 invenisse,
723 485 805 550 qui
828 505 994 551 regum
1009 504 1065 536 ac
1084 488 1357 554 principum
1376 488 1712 538 familiaritates

295 563 540 627 acquirere
563 563 866 625 studuerunt,
886 574 933 612 et
954 583 1021 625 se,
1042 564 1159 612 dum
1181 566 1291 613 talia
1313 576 1470 614 essent
1490 568 1709 628 assecuti,

295 640 451 689 felices
480 640 832 703 existimabant,
858 643 908 689 in
930 643 1064 690 omni
1087 643 1182 691 fere
1201 660 1349 708 regno
1381 654 1428 691 et
1460 656 1600 709 gente
1622 646 1713 693 sre-

295 719 604 783 quentissime
627 730 931 786 compertum
961 731 1055 782 est3
1095 721 1356 787 taliumque
1384 723 1714 788 exemplorum

296 793 466 861 [plenae
482 796 613 862 sunt]
633 807 679 845 et
700 808 881 846 veteres
897 798 1091 847 annales
1111 809 1157 846 et
1175 800 1465 848 recentiores
1485 800 1710 850 historiae.

739 968 1081 1014 CAPITULUM
1114 970 1278 1015 XXIV.

498 1076 659 1120 Qualiter
673 1077 822 1113 Carolus
837 1090 900 1113 rex
916 1091 998 1125 erga
1014 1077 1081 1113 Dei
1099 1078 1291 1114 Ecclesiam
1309 1090 1344 1114 se
1361 1079 1500 1117 habuit.

362 1185 619 1234 Ecclesiam
637 1187 727 1235 Dei
749 1197 796 1235 et
817 1187 1043 1236 decorem
1066 1188 1239 1236 domus
1260 1187 1361 1253 ejus
1386 1198 1529 1254 atque
1556 1188 1718 1236 hono-

295 1279 397 1310 rem
416 1262 546 1311 idem
565 1265 763 1313 Carolus
781 1265 984 1313 multum
1003 1265 1189 1326 dilexit3
1211 1267 1365 1327 unde,
1388 1283 1499 1314 cum
1514 1266 1718 1314 schisma

294 1342 419 1389 inter
451 1343 718 1407 Eugenium
747 1344 1027 1409 pontificem
1046 1348 1058 1370 ¹
1082 1355 1129 1393 et
1157 1345 1426 1393 Concilium
1456 1346 1714 1407 Generale,

295 1421 429 1485 quod
462 1420 563 1486 ipse
597 1422 726 1487 apud
757 1423 984 1471 Basileam
1019 1423 1190 1471 urbem
1225 1423 1492 1471 Germaniae
1523 1440 1721 1487 congre-

294 1508 452 1561 garat,
497 1498 724 1547 obortum
755 1501 918 1548 suisset
954 1503 1037 1564 (eo
1069 1501 1203 1566 quod
1239 1502 1399 1567 ipsum
1431 1502 1718 1562 concilium,

295 1576 469 1624 eodem
486 1578 700 1641 Eugenio
717 1578 945 1644 pontifice
962 1579 1182 1645 deposito
1197 1616 1209 1638 ‚
1229 1579 1494 1626 Amedeum
1506 1617 1518 1641 ,
1545 1578 1721 1626 Sabau-

294 1653 383 1701 diae
406 1653 579 1702 ducem
594 1693 606 1716 ,
633 1656 715 1719 qui
738 1673 824 1721 per
849 1656 1031 1721 aliquot
1054 1666 1165 1704 ante
1182 1673 1336 1704 annos
1357 1658 1502 1704 vitam
1522 1656 1722 1704 duxerat

292 1729 647 1793 heremiticam,
675 1733 725 1779 in
750 1750 993 1781 summum
1035 1734 1320 1782 Pontificem
1356 1734 1636 1782 sublimarat
1675 1744 1722 1782 et

294 1809 498 1857 Felicem
542 1811 864 1874 nominarat),
917 1829 974 1859 ex
1015 1829 1112 1877 quo
1154 1812 1425 1877 periculoso
1471 1811 1723 1859 schismate

294 1903 522 1952 magnum
540 1887 793 1935 discrimen
815 1887 1033 1936 Ecclesiae
1055 1890 1143 1936 Dei
1166 1890 1417 1937 imminere
1443 1906 1581 1955 posse
1603 1889 1724 1937 veri-

294 1964 510 2011 similiter
528 1964 804 2025 timebatur,
832 1966 893 2013 ad
911 1966 1031 2013 illud
1055 1966 1472 2031 exstinguendum,
1494 1977 1723 2031 tanquam

295 2043 557 2091 catholicus
581 2054 629 2091 et
662 2044 1083 2093 christianissimus
1113 2046 1335 2112 princeps
1364 2045 1625 2112 plurimum
1653 2045 1726 2092 la-

294 2118 515 2168 borabat.
544 2124 603 2167 Et
622 2121 840 2183 tandem,
867 2133 977 2188 post
995 2121 1185 2171 crebras
1206 2133 1254 2171 et
1272 2123 1444 2172 multas
1467 2123 1726 2187 legationes

295 2214 414 2262 quas
455 2198 519 2245 ob
552 2199 833 2263 hujusmodi
875 2217 1068 2248 causam
1108 2201 1249 2249 variis
1285 2202 1477 2249 miserat
1510 2200 1721 2261 vicibus,

297 2286 463 2342 optato
486 2277 689 2342 potitus,
717 2278 779 2326 ad
803 2278 1073 2326 cedendum
1101 2279 1296 2344 praefato
1319 2278 1567 2345 pontificio
1593 2295 1726 2326 eum-

297 2354 410 2402 dem
426 2356 690 2404 Amedeum
706 2375 792 2405 seu
808 2357 1012 2405 Felicem
1025 2358 1230 2405 inflexit:
1249 2375 1306 2406 ex
1329 2375 1427 2423 quo
1448 2359 1605 2424 ipsum
1618 2375 1728 2423 per-

297 2433 534 2480 niciosum
569 2434 775 2483 schisma
812 2435 1062 2502 [to]talite1·
1098 2437 1310 2502 sopitum
1346 2437 1728 2500 exstinctumque

299 2510 433 2571 fuit2,
473 2511 670 2560 Nicolao
695 2514 755 2574 V,
790 2524 902 2579 post
929 2515 1197 2579 Eugenium
1234 2518 1395 2563 Romae
1433 2515 1724 2579 subrogatO,

301 2588 444 2635 unico
459 2598 505 2636 et
527 2589 799 2638 indubitato
824 2591 1054 2657 pontifice
1080 2593 1299 2641 Ecclesiae
1322 2596 1548 2641 Romanae
1573 2609 1728 2641 rema-

299 2675 461 2713 nente.

358 2788 398 2824 1.
429 2787 588 2839 Eugene
608 2789 674 2826 IV.

359 2848 401 2888 2.
432 2849 455 2885 9
479 2847 575 2885 avril
598 2850 718 2885 1449.
