2086 3528
747 353 894 390 LIBER
918 353 1146 401 QUINTUS.
1578 351 1654 389 267

241 436 400 484 minus
423 452 631 501 pugnam
665 451 779 481 cum
802 434 940 481 hoste
975 450 1243 481 conserere.
1286 436 1320 480 E
1339 443 1509 480 contra
1541 449 1655 479 vero

239 514 404 560 Franci
435 511 663 577 impavidi
690 521 870 576 petras,
897 511 1167 576 plumbatas
1195 521 1242 559 et
1275 528 1419 558 omne
1450 512 1657 558 telorum

238 600 381 655 atque
400 589 649 637 missilium
669 606 817 653 genus
835 589 883 635 in
904 588 1066 636 hostes
1078 589 1325 652 jacientes,
1350 588 1581 653 plurimos
1600 605 1656 635 ex

237 668 351 734 ipsis
372 668 596 732 Anglicis,
618 678 717 714 tum
742 668 1123 733 serpentinarum
1156 676 1257 714 tum
1296 666 1657 728 colubrinarum

237 745 613 810 balistarumque
643 745 875 809 jactibus„
910 745 1063 792 contis
1092 744 1236 792 etiam
1265 753 1311 790 et
1343 744 1515 800 hastis,
1543 760 1657 808 pro-

237 825 537 884 sternebant,
579 825 870 888 viriliterque
906 823 1118 870 hostium
1158 822 1433 870 violentiam
1468 821 1659 887 propel-

237 904 417 952 lebant.

303 982 429 1030 lnter
452 981 552 1028 haec
575 991 735 1029 autem
752 1018 763 1039 ,
790 980 906 1027 dum
943 979 1021 1026 ille
1043 978 1247 1026 insultus
1268 979 1333 1025 ita
1356 977 1482 1025 ultro
1505 978 1659 1024 citro-

239 1077 334 1126 que
356 1070 590 1125 ageretur,
620 1061 876 1126 pluresque
899 1075 956 1106 ex
980 1059 1208 1122 Anglicis,
1236 1068 1284 1106 et
1302 1059 1403 1122 jam
1433 1058 1556 1104 inter
1577 1074 1660 1104 eos

237 1139 444 1187 Thomas
479 1139 558 1186 ille
591 1137 799 1202 signifer,
837 1136 1148 1196 cecidissent,
1175 1136 1402 1200 contigit,
1436 1151 1537 1182 non
1563 1133 1659 1181 fato

239 1216 461 1281 quidem,
501 1215 586 1263 sed
620 1215 781 1263 divina
818 1215 880 1261 ita
917 1213 1202 1278 disponente
1239 1211 1540 1279 providentia
1555 1245 1567 1268 ,
1609 1220 1662 1258 ut

233 1293 362 1358 jactu
396 1293 681 1358 serpentinae
703 1309 783 1339 seu
811 1290 1098 1352 colubrinae,
1126 1291 1388 1354 Anglorum
1419 1289 1518 1337 dux
1541 1305 1660 1354 prae·

241 1370 364 1429 fatus
387 1370 616 1417 dominus
638 1369 699 1416 de
722 1369 914 1416 Talebot
939 1369 988 1415 in
1009 1385 1148 1415 crure
1173 1384 1259 1415 seu
1284 1366 1399 1414 tibia
1425 1366 1658 1414 feriretur.

241 1451 362 1496 Cum
385 1465 502 1496 vero
520 1448 585 1496 ita
607 1449 728 1495 ictus
750 1458 888 1506 esset,
915 1456 962 1493 et
976 1445 1046 1505 hi,
1063 1446 1146 1510 qui
1171 1445 1232 1492 ad
1255 1443 1571 1510 expugnanda
1590 1461 1663 1490 ca-

241 1536 336 1574 stra
360 1542 410 1573 se
429 1526 760 1585 admoverant,
781 1524 958 1590 repulsi
983 1541 1011 1571 a
1032 1524 1224 1570 Francis
1247 1533 1293 1570 et
1311 1522 1537 1588 paulatim
1558 1522 1664 1569 caesi

243 1605 462 1662 fuissent,
483 1604 564 1668 qui
586 1613 885 1668 supererant,
911 1618 1022 1664 erga
1048 1600 1221 1648 ducem
1237 1617 1378 1647 suum
1394 1599 1659 1664 praefatum,

243 1697 387 1746 quem
410 1681 626 1728 saucium
650 1679 932 1739 audiebant,
961 1679 1090 1725 velut
1121 1677 1308 1724 attoniti
1339 1686 1385 1723 et
1413 1676 1462 1722 in
1499 1686 1665 1740 stupo-

243 1775 344 1806 rem
375 1759 468 1806 acti
485 1796 497 1820 ,
523 1775 624 1806 sese
643 1757 952 1820 collegerunt.
975 1755 1118 1814 Quod
1143 1756 1380 1802 intuentes
1402 1753 1598 1814 Franci,
1621 1762 1669 1799 et

245 1839 347 1884 sine
372 1837 542 1884 ordine
567 1846 612 1883 et
637 1836 950 1900 dispositione
973 1835 1102 1900 ipsos
1127 1833 1344 1898 Anglicos
1366 1832 1496 1879 velut
1519 1841 1668 1878 exter-

247 1918 384 1974 ritos,
414 1914 516 1961 licet
546 1915 819 1977 ignorarent
846 1912 923 1959 cui
953 1928 1007 1958 ex
1045 1911 1158 1975 ipsis
1184 1909 1440 1972 Anglorum
1466 1908 1669 1956 ducibus

245 2003 444 2041 eventus
480 1992 666 2038 sinister
700 1990 1027 2055 provenisset,
1066 2005 1176 2035 cum
1215 2003 1387 2050 magno
1426 1996 1472 2033 et
1510 1986 1668 2033 valido

246 2072 426 2136 impetu
446 2087 472 2117 e
491 2069 655 2116 castris
675 2075 962 2132 eruperunt,
984 2076 1031 2113 et
1051 2065 1111 2112 ad
1129 2065 1287 2111 locum
1304 2063 1438 2111 illum
1458 2079 1669 2128 propero

246 2165 390 2197 cursu
414 2147 719 2203 advolantes,
748 2146 796 2191 in
826 2161 924 2208 quo
951 2145 1050 2208 ipse
1074 2143 1169 2189 dux
1195 2141 1348 2189 stabat
1368 2141 1667 2200 vulneratus,

246 2229 404 2292 ipsum
426 2236 568 2288 atque
594 2240 746 2271 unum
769 2222 870 2286 ejus
891 2220 1041 2268 filium
1059 2222 1069 2244 ¹
1089 2237 1200 2267 cum
1226 2219 1444 2285 pluribus
1460 2218 1562 2266 aliis
1583 2236 1670 2266 uo-

246 2303 422 2352 bilibus
440 2301 737 2349 occiderunt.
760 2298 989 2346 Poscebat
1006 2297 1133 2345 idem
1155 2297 1382 2344 dominus
1399 2296 1459 2343 de
1484 2295 1673 2342 Talebot

247 2382 389 2428 vitam
415 2379 504 2426 sibi
528 2379 705 2426 salvam
729 2377 927 2437 dimitti,
948 2376 1153 2422 offerens
1174 2390 1401 2438 magnum
1424 2375 1525 2421 auri
1548 2376 1673 2439 p'on-

248 2458 339 2505 dus
361 2457 546 2521 aliaque
582 2456 783 2521 plurima
800 2493 812 2517 ,
839 2455 875 2501 si
900 2455 997 2501 vita
1024 2453 1113 2501 sibi
1136 2462 1419 2500 servaretur.
1447 2451 1540 2498 Sed
1562 2469 1672 2498 cum

249 2537 350 2601 ipse
375 2536 424 2581 in
459 2550 628 2581 manus
662 2532 878 2597 peditum
915 2532 1265 2595 sagittariorum
1301 2530 1568 2589 incidisset,
1608 2528 1673 2575 ob

249 2613 579 2661 crudelitatem
624 2627 770 2675 quam
811 2610 998 2676 pridem
1034 2611 1082 2656 in
1133 2610 1290 2656 socios
1327 2625 1439 2655 suos
1473 2607 1670 2666 fecerat,

251 2691 412 2738 multis
434 2707 544 2737 eum
567 2689 826 2736 laceratum
846 2687 1128 2735 vulneribus
1150 2686 1474 2734 confoderunt
1491 2684 1673 2750 absque

307 2847 345 2884 1.
376 2844 407 2880 Il
431 2842 573 2894 portait
590 2841 627 2879 le
646 2840 733 2878 titre
749 2839 798 2878 de
811 2839 896 2877 lord
915 2839 1030 2878 Lisle.
