2086 3528
506 339 556 377 18
886 335 1229 375 HISTORIARUM
1254 335 1437 375 CAROLI
1463 336 1533 373 VII

505 421 638 470 cardi
653 419 1040 481 exstinctionem,
1056 435 1116 466 eo
1136 417 1271 483 quod
1297 428 1430 466 extra
1453 418 1752 483 propositam
1767 417 1924 478 inten-
2067 450 2075 476 .‹

505 500 688 547 tionem
709 498 785 559 sit,
808 496 910 544 aliis
932 495 1248 544 enarrandam
1269 496 1600 561 relinquimus.
1625 499 1668 543 Is
1691 494 1933 554 Henric'uffi
1967 501 1970 503 ’

504 586 604 624 erat
624 585 728 622 tum
745 574 962 639 juvenis,
997 590 1107 621 acer
1129 573 1347 637 ingenio,
1378 574 1461 621 sed
1485 573 1648 622 animo
1677 587 1854 637 magno
1874 581 1924 621 et

504 654 690 701 excelso
723 653 891 713 nimis3
916 667 1169 716 germanos
1193 650 1377 699 habens
1390 661 1514 713 tres,
1546 650 1725 698 scilicet
1746 649 1921 699 ducem
1974 668 1976 670 ’
2004 699 2011 711 ,
2054 660 2086 709 ᾖ

503 731 769 792 Beffordiae,
809 730 982 778 ducem
1015 729 1304 789 Glocestriae,
1341 738 1387 776 et
1417 729 1591 777 ducem
1622 728 1915 791 Clarenciae¹,

503 810 586 875 qui
606 819 654 858 et
676 809 768 874 ipsi
790 807 964 872 singuli
982 806 1164 868 strenui
1188 815 1236 854 et
1253 806 1512 872 prudentes
1535 815 1685 855 erant.

973 1018 1313 1067 CAPITULUM
1344 1019 1445 1065 V11.

559 1156 721 1202 Qualiter
737 1156 936 1204 Anglorum
953 1167 1016 1191 rex
1034 1154 1256 1193 Hareflutum
1278 1154 1453 1204 oppidum
1479 1154 1618 1192 obsedit
1633 1164 1669 1193 et
1684 1156 1852 1194 obtinuit,

565 1279 687 1324 Cum
711 1275 852 1339 igitur
868 1291 1071 1338 regnum
1084 1276 1394 1338 Francorum,
1414 1285 1468 1324 ut
1483 1276 1706 1337 diximus,
1722 1276 1917 1342 aggredi

496 1355 660 1402 animo
698 1353 958 1412 firmasset,
996 1361 1045 1400 et
1082 1353 1282 1402 classem
1320 1370 1546 1417 magnam
1593 1353 1733 1403 valde
1772 1364 1916 1420 atque

494 1434 755 1482 exercitum
767 1450 827 1481 ex
838 1432 1104 1480 lectissimis
1117 1433 1232 1480 viris
1247 1434 1559 1495 instruxisset,
1574 1450 1675 1481 non
1692 1435 1912 1500 amplius,

494 1523 548 1561 ut
569 1513 754 1572 ferunt,
791 1511 1050 1559 duodecim
1074 1521 1157 1559 aut
1179 1511 1458 1575 quindecim
1485 1511 1716 1573 millium,
1748 1521 1917 1578 praeter

494 1600 665 1639 nautas
705 1599 752 1637 et
784 1599 1073 1637 mercatores
1116 1590 1341 1636 exercitui
1380 1590 1732 1653 ministrantes3
1770 1590 1916 1640 fretus

493 1668 678 1715 auxiliis
700 1677 841 1732 atque
866 1667 1044 1715 solatiis
1062 1666 1198 1715 ducis
1218 1666 1635 1730 Burgundionum,
1660 1667 1800 1716 classi
1820 1685 1922 1718 suae
1995 1687 1998 1690 ·

494 1746 599 1794 vela
625 1763 713 1811 per
735 1746 883 1793 altum
907 1745 1016 1793 fecit
1030 1781 1043 1804 ,
1076 1756 1124 1794 et
1147 1763 1203 1793 ex
1226 1755 1371 1812 portu
1397 1745 1459 1793 de
1482 1749 1755 1813 Hamptone
1765 1749 1797 1809 ²,
1823 1765 1916 1814 op-

493 1823 650 1889 posito
666 1824 914 1887 Sequanae,
941 1823 1003 1871 ad
1024 1822 1172 1870 finem
1194 1822 1408 1887 ejusdem
1430 1823 1641 1871 fluminis
1655 1824 1912 1890 applicuit,

492 1909 635 1965 atque
661 1900 898 1966 oppidum
930 1900 990 1948 de
1019 1900 1221 1965 Haresla
1250 1910 1375 1954 terra
1404 1901 1621 1966 marique
1642 1900 1802 1964 valida
1824 1901 1913 1950 ob-

492 1977 678 2025 sidione
701 1977 1017 2025 circumdedit
1033 2016 1046 2041 ,
1082 1988 1501 2043 menselaugusto,
1533 1980 1755 2028 cu'rrente
1780 1980 1910 2029 anno

493 2045 689 2103 Domini
708 2073 984 2104 M.cccc.xv.

557 2133 825 2181 Munierant
846 2133 1015 2181 Franci
1033 2132 1164 2180 idem
1189 2133 1446 2199 oppidum,
1472 2146 1526 2182 ut
1546 2133 1716 2182 melius
1737 2145 1908 2201 potue·

493 2219 626 2271 rant3
675 2227 790 2258 nam
825 2211 936 2258 satis
966 2210 1050 2258 diu
1085 2219 1195 2258 ante
1233 2211 1300 2258 eis
1317 2247 1332 2272 ,
1367 2211 1428 2259 de
1458 2212 1605 2261 classe
1631 2222 1678 2261 et
1714 2212 1776 2262 de
1806 2207 1924 2263 aliis'

491 2305 597 2354 quae
635 2288 698 2336 ad
729 2288 952 2336 bellum
940 2306 990 2336 1n
1023 2288 1188 2352 Anglia
1221 2281 1590 2355 adaptabantur,
1625 2301 1755 2340 certa
1783 2291 1909 2342 fama

490 2366 851 2433 percrebuerat,
879 2366 1045 2414 unde
1032 2384 1083 2414 m
1109 2367 1215 2432 ipso
1241 2368 1424 2434 oppido
1447 2386 1650 2434 magnus
1679 2374 1912 2422 numerus

490 2444 698 2492 militum
732 2454 779 2492 et
811 2444 1049 2492 nobilium
1076 2454 1211 2492 terrae
1260 2463 1351 2512 pro
1388 2448 1609 2512 praesidio
1645 2440 1906 2504 collocatus
1990 2448 2000 2462 ³
2042 2485 2051 2492 .
2078 2450 2080 2454 ’

489 2522 602 2583 fuit,
628 2538 719 2588 pro
740 2522 885 2588 ipsius
908 2522 1173 2571 munimine
1201 2539 1257 2570 ac
1281 2523 1575 2574 defensione.
1598 2526 1799 2576 Tamdiu
1820 2544 1906 2576 au-

490 2611 585 2649 tem
611 2600 800 2649 obsidio
836 2600 1055 2650 obsessos
1086 2602 1456 2664 constrinxerat,
1493 2615 1547 2652 ut
1571 2605 1695 2655 fame
1716 2605 1900 2670 valida,

456 2723 475 2735 ⁹
542 2727 580 2763 1.
612 2723 730 2774 John,
751 2723 955 2763 Humsried
979 2733 1016 2762 et
1031 2723 1196 2764 Thomas
1216 2725 1266 2765 de
1284 2728 1511 2775 Lancastre,
1533 2727 1592 2767 fils
1613 2726 1750 2781 puines
1769 2728 1822 2769 du
1843 2731 1903 2772 roi

486 2784 609 2823 Henri
626 2787 691 2823 IV.

540 2845 579 2884 2.
611 2842 903 2896 Southampton.
