2086 3528
525 404 602 440 290
910 400 1253 439 HISTORIARUM
1278 399 1459 436 CAROLI
1488 400 1559 436 VII

526 498 758 535 terrarum
780 501 974 532 suarum
995 483 1201 543 viribus,
1227 500 1433 548 persona
1459 501 1510 532 se
1531 484 1858 550 profecturum
1880 484 1943 534 ad

527 565 744 614 eamdem
789 562 959 610 urbem
998 561 1373 626 recuperandam
1391 597 1406 620 ‚
1443 562 1909 628 expugnandumque
1924 599 1938 623 ‚

524 643 687 708 quoad
721 641 811 689 sibi
843 640 1039 688 facultas
1075 639 1238 686 divina
1274 639 1448 704 pietate
1488 640 1768 700 donaretur,
1808 641 1943 691 illum

525 721 787 768 maximum
823 718 1226 781 saevissimumque
1264 716 1506 765 christiani
1541 719 1750 766 nominis
1783 727 1831 765 et
1862 718 1943 766 di-

523 800 644 846 vinae
665 798 905 862 religionis
929 796 1196 857 inimicum,
1222 798 1483 843 Turcarum
1505 796 1871 862 imperatorem:
1896 806 1944 845 et

523 878 636 938 hoc,
662 878 701 924 si
722 876 909 923 interim
931 885 1080 922 terras
1101 890 1208 921 suas
1224 890 1279 921 ac
1301 873 1518 922 dominia
1539 875 1589 922 in
1611 883 1714 923 tuto
1737 885 1942 924 statuere

522 965 700 1021 posset.
735 958 841 1002 Non
870 953 998 1000 enim
1026 961 1123 999 tam
1148 950 1322 998 obtuso
1345 961 1391 998 et
1412 950 1572 998 hebeti
1602 969 1743 999 sensu
1765 962 1867 1001 erat
1890 962 1943 1002 ut

522 1034 646 1098 regis
667 1048 776 1095 erga
799 1048 849 1078 se
869 1031 1084 1078 animum
1107 1030 1361 1093 ignoraret,
1378 1029 1460 1093 qui
1477 1028 1636 1077 multis
1653 1047 1775 1096 saepe
1793 1030 1942 1078 mani-

523 1111 648 1157 festis
680 1108 867 1156 indiciis
898 1108 1085 1172 agnitus
1114 1106 1203 1154 sibi
1231 1116 1564 1172 spectatusque
1601 1107 1768 1155 fuerat.
1799 1108 1943 1172 Igitur

521 1188 719 1252 cupiens
740 1186 974 1233 divinitati
999 1185 1213 1232 oblatum
1237 1201 1264 1231 a
1289 1201 1338 1231 se
1363 1185 1497 1250 pium
1516 1184 1807 1232 exsecutioni
1828 1185 1942 1233 dare

521 1277 689 1313 votum
704 1303 715 1324 ,
738 1282 849 1312 cum
872 1265 1105 1330 aptiorem
1131 1263 1277 1313 alium
1301 1262 1526 1329 modum,
1553 1262 1769 1310 dominia
1788 1279 1872 1311 sua
1895 1274 1943 1311 et

520 1343 734 1403 unicum,
751 1358 895 1406 quem
910 1340 1135 1401 habebat,
1158 1339 1355 1387 vixdum
1372 1340 1605 1405 puberem
1625 1339 1800 1387 filium¹
1821 1341 1872 1388 in
1896 1351 1944 1389 et

519 1419 609 1467 sub
640 1420 788 1467 tutela
818 1418 1124 1466 convenienti
1147 1416 1477 1482 relinquendi,
1506 1417 1794 1464 existimaret
1812 1417 1940 1475 diffi-

488 1501 493 1506 “
520 1497 608 1544 cile
628 1496 908 1544 adinvenire
921 1512 1061 1561 posse
1079 1533 1091 1557 ,
1109 1495 1168 1543 ad
1187 1512 1348 1559 regem
1365 1495 1589 1542 Carolum
1604 1511 1691 1560 per
1704 1494 1942 1543 solemnes

519 1591 633 1634 suos
656 1584 870 1621 oratores
892 1583 1059 1621 votum
1084 1589 1138 1619 ac
1167 1572 1456 1619 desiderium
1480 1571 1709 1620 insinuari
1731 1572 1938 1631 curavit,

519 1669 631 1699 eum
655 1651 831 1700 obnixe
855 1652 1066 1715 rogitans
1099 1661 1242 1715 atque
1267 1649 1551 1711 obsecrans,
1578 1659 1813 1716 quatenus
1845 1659 1942 1699 ter-

519 1746 681 1776 rarum
704 1739 751 1776 et
782 1729 1109 1776 dominiorum
1144 1745 1340 1776 suorum
1369 1728 1765 1792 gubernationem
1796 1737 1941 1792 atque

519 1807 981 1855 administrationem
1013 1819 1060 1854 et
1098 1806 1212 1854 dicti
1251 1805 1335 1853 filii
1363 1807 1435 1854 sui
1473 1806 1704 1871 unigeniti
1740 1805 1940 1858 tutelam

519 1903 603 1933 seu
622 1903 784 1933 curam
810 1901 1050 1933 assumere
1071 1884 1374 1949 dignaretur3
1400 1901 1573 1948 rogans
1597 1885 1711 1932 item
1726 1883 1860 1951 qnod
1876 1885 1940 1951 ad

517 1973 614 2010 tam
641 1973 858 2010 sanctum
880 1980 1001 2028 opus
1022 1962 1397 2027 aggrediendum
1422 1962 1629 2026 aliquem
1652 1961 1712 2010 de
1735 1962 1830 2010 suis
1853 1962 1940 2011 mi-

518 2041 627 2088 litiae
652 2040 854 2087 ducibus
877 2041 1063 2087 mittere
1085 2039 1249 2100 vellet,
1284 2040 1368 2104 qui
1391 2040 1613 2087 vexillum
1641 2049 1689 2087 et
1720 2038 1940 2090 militaria

519 2118 642 2181 regis
664 2118 797 2181 signa
825 2117 1086 2183 praeferret;
1114 2117 1320 2164 offerens
1343 2115 1432 2165 snb
1456 2115 1629 2164 eodem
1652 2115 1774 2168 duce
1797 2125 1939 2183 atque

519 2193 692 2241 vexillo
738 2194 879 2241 etiam
894 2231 906 2255 ‚
946 2197 1177 2258 tanquam
1222 2193 1352 2257 regio
1392 2192 1678 2241 destinatum
1710 2193 1935 2253 nomine,

518 2271 725 2338 propriis
755 2271 1026 2336 sumptibus
1059 2271 1278 2319 militare.
1329 2273 1498 2335 Magna
1531 2269 1632 2317 haec
1667 2270 1847 2336 quippe
1892 2281 1940 2319 et

519 2349 630 2397 satis
646 2349 858 2397 efficacia
874 2358 1150 2413 argumenta
1168 2348 1303 2414 quod
1323 2348 1384 2398 de
1401 2364 1534 2396 sacra
1549 2348 1676 2413 regia
1696 2348 1938 2414 majestate

520 2425 835 2474 diffidentiam
862 2427 1057 2474 minime
1082 2426 1303 2483 haberet,
1331 2426 1415 2474 sed
1445 2427 1545 2491 ejus
1578 2427 1712 2475 omni
1747 2427 1825 2475 via
1848 2415 1938 2478 cu?

519 2513 653 2570 peret
677 2503 1058 2551 benevolentiam
1083 2504 1297 2568 adipisci.
1327 2503 1418 2551 Sed
1447 2521 1546 2551 non
1583 2521 1642 2552 eo
1666 2504 1825 2554 minus
1847 2521 1938 2553 nec

519 2581 620 2645 ejus
644 2598 835 2648 preces,
869 2598 958 2628 nec
990 2581 1256 2629 oblationes
1279 2592 1418 2629 tantae
1439 2592 1654 2645 attentae3
1682 2582 1767 2631 sed
1788 2599 1935 2647 agen-

520 2659 646 2706 tibus
686 2659 842 2725 impiis
883 2668 929 2707 et
966 2675 1175 2723 nequam
1213 2659 1490 2709 hominibus
1508 2698 1520 2722 ,
1566 2662 1648 2726 qui
1685 2659 1936 2711 dissidium

519 2747 566 2784 et
596 2736 910 2787 diffidentiam
942 2737 1065 2785 inter
1099 2737 1275 2800 regiam
1310 2737 1512 2785 domum
1540 2748 1587 2787 et
1616 2738 1789 2789 ducem
1817 2740 1935 2792 Bur-

571 2895 609 2931 1.
642 2893 820 2943 charles,
840 2901 965 2933 comte
983 2893 1031 2932 de
1050 2894 1266 2941 Charolais,
1291 2895 1338 2933 ne
1360 2895 1395 2934 le
1416 2898 1464 2934 10
1487 2895 1699 2936 novembre
1719 2898 1837 2936 1438.
