2086 3528
506 339 555 375 50
883 335 1222 372 HISTORIARUM
1249 333 1430 371 CAROLI
1459 333 1529 370 VII

503 420 701 478 Scalis²‚
741 435 851 465 cum
882 416 1093 482 pluribus
1119 417 1218 464 aliis
1254 415 1508 463 comitibus
1548 425 1594 462 et
1629 414 1908 480 proceribus

503 497 635 561 regni
661 495 855 559 Anglici.
888 497 1105 552 Quorum
1138 494 1331 557 quidem
1365 509 1592 540 numerus
1633 492 1806 540 militiae
1846 491 1910 540 ad

500 575 684 621 circiter
710 571 1073 637 quatuordecim
1095 570 1270 632 millia,
1303 574 1595 618 Francorum
1627 587 1758 632 vero,
1794 586 1907 617 cum

499 651 651 698 Scotis
672 660 719 697 et
745 650 927 710 italicis,
951 648 1012 696 ad
1037 648 1178 711 longe
1200 647 1479 712 ampliorem
1506 648 1846 696 aestimabatur.

562 728 706 792 igitur
722 744 833 774 cum
849 725 1108 791 praefinitus
1121 724 1303 773 adesset
1315 725 1438 772 dies²
1451 763 1463 786 ‚
1481 742 1577 790 quo
1595 725 1657 773 ad
1669 735 1909 774 certamen

497 804 905 868 congrediendum
928 813 1043 863 erat,
1070 802 1332 866 Anglorum
1356 804 1585 850 exercitus
1608 804 1655 850 in
1681 804 1820 868 agris,
1846 802 1908 850 ab

496 883 677 948 oppido
691 882 902 930 Vernolii
917 881 1059 947 paulo
1084 881 1240 928 minus
1263 880 1448 928 milliari
1467 881 1647 929 Gallico
1662 881 1902 942 ³remotis,

495 969 647 1007 castra
659 960 858 1019 locavit;
875 960 938 1007 ita
952 969 1004 1006 ut
1020 959 1268 1024 perspicue
1287 976 1315 1007 a
1332 960 1543 1022 Francis,
1560 960 1643 1024 qui
1658 960 1708 1007 in
1725 958 1908 1025 oppido

494 1045 629 1083 erant
642 1046 689 1083 et
703 1053 760 1084 eo
775 1036 918 1098 circa,
935 1036 1227 1083 viderentur.
1242 1036 1411 1083 Franci
1428 1046 1605 1095 autem,
1617 1052 1751 1084 suam
1764 1036 1908 1083 etiam

495 1114 710 1161 militiam
742 1114 923 1178 oppido
957 1113 1214 1161 educentes
1230 1151 1242 1175 ‚
1272 1114 1320 1160 in
1342 1114 1568 1179 proximis
1593 1112 1760 1179 oppidi
1781 1129 1910 1161 cam-

493 1191 566 1256 pis
586 1207 786 1238 suorum
801 1191 1006 1238 militum
1025 1192 1146 1238 acies
1164 1191 1463 1239 ordinarunt.
1482 1191 1627 1250 Quod
1646 1207 1758 1238 cum
1776 1191 1914 1239 fecis-

493 1278 622 1329 sent,
655 1268 780 1315 Italis
807 1268 1045 1332 equitibus
1068 1269 1467 1333 praecedentibus,
1494 1268 1735 1338 pedestres
1757 1268 1907 1333 copiae

492 1361 603 1392 cum
626 1345 790 1392 militia
815 1348 1069 1393 Scotorum
1092 1346 1285 1394 obviam
1310 1347 1534 1411 Anglicis,
1562 1345 1756 1394 eosdem
1787 1361 1910 1411 quo-

492 1439 586 1486 que
605 1423 992 1488 expectantibus,
1018 1423 1278 1488 procedere
1301 1434 1564 1489 coeperunt.
1590 1427 1912 1487 Irrumpentes

492 1500 651 1564 itaque
672 1501 855 1565 equites
873 1501 1040 1547 Gallici
1062 1502 1111 1547 in
1137 1501 1396 1565 Anglorum
1419 1501 1635 1567 peditum
1656 1500 1780 1548 acies
1802 1516 1914 1548 cum

490 1577 763 1625 vehementi
783 1579 977 1626 incursu
993 1614 1005 1638 ‚
1033 1580 1239 1626 multum
1261 1589 1414 1627 metus
1440 1591 1582 1645 atque
1604 1578 1804 1645 periculi
1827 1579 1914 1626 eis-

493 1654 604 1702 dem
627 1656 958 1717 incusserunt,
990 1656 1296 1722 quamplures
1322 1674 1377 1704 ex
1408 1658 1545 1722 ipsis,
1587 1674 1709 1722 quos
1745 1655 1913 1704 obvios

492 1731 714 1780 habuisse
761 1743 1050 1798 potuerunt,
1097 1734 1159 1780 ad
1206 1744 1381 1782 terram
1429 1733 1787 1800 [profligantes]
1804 1772 1816 1796 ,
1867 1743 1914 1781 et

493 1810 637 1856 totius
652 1810 910 1873 Anglorum
932 1811 1164 1858 exercitus
1181 1812 1305 1858 acies
1318 1822 1620 1876 penetrantes
1633 1849 1646 1872 ,
1679 1828 1780 1859 sese
1802 1810 1914 1876 ipsis

494 1886 697 1950 Anglicis
727 1887 1045 1941 findentibus,
1072 1898 1126 1935 ut
1147 1888 1368 1935 transitus
1401 1889 1501 1954 ipse
1526 1889 1651 1937 Italis
1676 1887 1913 1953 equitibus

493 1979 603 2009 cum
626 1964 813 2011 minore
836 1981 1006 2011 eorum
1029 1965 1315 2013 detrimento
1337 1976 1652 2031 praestaretur.
1686 1968 1808 2013 Cum
1829 1981 1913 2013 au·

493 2049 589 2086 tem
619 2041 684 2088 ita
711 2051 1037 2107 penetrassent
1071 2043 1334 2107 Anglorum
1371 2044 1516 2104 acies,
1544 2043 1704 2091 multis
1725 2058 1912 2090 eorum-

493 2115 605 2163 dem
633 2118 894 2183 Anglorum
915 2121 1163 2184 prostratis
1194 2121 1256 2167 ad
1286 2131 1487 2182 terram,
1523 2130 1570 2168 et
1597 2137 1791 2168 omnem
1816 2123 1910 2168 An-

490 2193 679 2256 glorum
715 2197 972 2243 exercitum
1010 2199 1424 2262 pertransiissent,
1469 2209 1521 2246 ut
1561 2214 1642 2245 eos
1669 2197 1770 2262 jam
1803 2207 1913 2263 post

492 2273 1045 2338 tergum-relinquerent3
1072 2275 1389 2322 existimantes
1421 2284 1670 2338 sequentes
1694 2292 1744 2322 se
1765 2278 1800 2321 F
1801 2291 1912 2324 ran-

491 2365 660 2396 corum
689 2353 1038 2415 Scotorumque
1076 2352 1262 2417 copias,
1292 2352 1421 2416 quod
1456 2352 1565 2399 satis
1605 2351 1801 2400 feliciter
1837 2352 1910 2399 in-

491 2426 721 2475 choarant
743 2428 1035 2493 perfecturos
1065 2429 1188 2488 fore,
1223 2439 1271 2476 et
1294 2429 1465 2493 Anglos
1487 2430 1534 2476 in
1566 2428 1751 2494 reliquo
1777 2429 1910 2478 facile

491 2505 776 2553 occumbere
811 2516 857 2553 et
893 2507 1021 2552 vinci
1055 2523 1223 2570 posse,
1258 2506 1318 2553 ad
1353 2506 1610 2554 sarcinulas
1647 2507 1909 2572 Anglorum

490 2583 779 2649 diripiendas
796 2620 808 2642 ,
834 2600 939 2648 quae
961 2600 1071 2630 cum
1102 2601 1271 2631 eorum
1306 2583 1493 2631 famulis
1517 2594 1564 2631 et
1589 2584 1909 2650 mangonibus

542 2714 580 2750 1.
612 2710 714 2750 Lord
733 2710 874 2751 Scales.

541 2773 581 2809 2.
615 2773 662 2809 17
681 2772 772 2810 aofit
793 2772 911 2809 1424.

541 2832 578 2867 3.
610 2831 696 2869 Une
708 2830 808 2869 lieue
827 2829 875 2869 de
887 2831 1046 2869 France.
