2086 3528
516 364 564 401 76
900 361 1244 402 HISTORIAR'UM
1269 363 1452 401 CAROLI
1478 364 1548 400 VII

512 444 797 510 perlustrare
827 453 875 491 et
906 444 1165 508 praesertim
1192 444 1370 509 regiam
1402 444 1531 493 illam
1555 459 1692 491 suam
1713 442 1933 508 insignis-

512 522 682 569 simam
725 521 1014 568 Parisiorum
1055 521 1293 569 civitatem
1327 533 1468 587 atque
1502 520 1934 585 Sanctum-Diony-

513 599 676 657 sium¹‚
704 595 787 645 ubi
821 596 1044 645 diadema
1072 607 1409 664 sceptrumque
1441 598 1596 663 regale
1628 607 1933 664 suscepturus

513 685 638 737 erat,
665 675 894 740 regnique
911 674 1085 722 solium
1107 671 1472 736 conscensurus,
1500 675 1934 741 Sanctum-Diony-

511 753 637 800 sium
671 770 783 808 cum
811 770 899 801 suo
923 753 1132 801 exercitu
1166 754 1317 818 petiit.
1348 756 1454 813 Quo
1488 754 1624 816 loco,
1655 770 1768 801 cum
1791 762 1954 802 tantae'

512 830 687 878 militiae
711 841 855 896 atque
884 832 1108 897 potentiae
1126 831 1188 879 ad
1208 831 1526 880 resistendum
1547 831 1768 880 inefficax
1787 839 1932 892 esset,

512 910 656 957 etiam
684 910 734 956 in
769 926 887 975 pace
916 919 1163 975 susceptus
1197 918 1293 966 est,
1319 917 1461 975 atque
1491 909 1633 973 inibi,
1659 919 1713 958 ut
1745 907 1937 975 regibus

513 987 652 1035 novis
673 988 821 1034 moris
843 997 936 1047 est,
962 996 1222 1034 coronatus
1238 988 1268 1034 ¹.

579 1067 703 1112 Cum
729 1075 889 1112 autem
922 1064 1018 1111 illic
1054 1064 1261 1112 adstaret
1290 1081 1376 1131 per
1411 1064 1592 1129 aliquot
1625 1064 1754 1127 dies,
1793 1063 1936 1112 etiam

515 1143 803 1190 Parisiorum
825 1143 989 1190 civitas
1022 1152 1257 1190 summata
1285 1153 1355 1190 est
1384 1153 1527 1207 atque
1557 1142 1852 1190 commonita
1883 1152 1938 1190 ut

515 1237 674 1285 regem
696 1237 838 1276 suum
854 1220 1090 1285 suscipere
1113 1220 1270 1285 eique,
1295 1230 1347 1267 ut
1368 1220 1580 1285 legitimo
1603 1220 1808 1286 principi
1826 1236 1933 1279 su0,

511 1298 776 1362 ingressum
805 1298 920 1345 dare
942 1307 1084 1362 atque
1106 1314 1273 1363 parere
1297 1298 1452 1345 vellet.
1482 1296 1575 1345 Sed
1599 1313 1712 1345 cum
1735 1296 1830 1344 illie
1864 1313 1937 1345 es-

512 1385 619 1423 sent
645 1375 927 1424 ssethfordiae
957 1375 1052 1423 dux
1085 1385 1132 1423 et
1154 1392 1327 1440 magna
1348 1375 1611 1441 Anglorum
1636 1374 1941 1439 Burgundio-

513 1471 727 1519 numque
763 1454 1003 1520 praesidia,
1045 1464 1213 1519 spretae
1251 1464 1363 1501 sunt
1398 1471 1453 1502 ac
1485 1454 1630 1501 irrisae
1661 1452 1938 1517 hujusmodi

512 1533 856 1580 summationes
892 1542 940 1580 et
975 1533 1284 1579 monitiones.
1325 1535 1484 1591 Quam
1519 1546 1622 1579 rem
1658 1532 1828 1580 Franci
1865 1531 1940 1579 in-

513 1610 656 1675 digne
695 1610 922 1671 ferentes,
957 1610 1097 1657 simul
1133 1609 1353 1657 nonnihil
1391 1610 1493 1675 spei
1536 1609 1772 1657 habentes
1808 1607 1942 1674 quod

512 1689 661 1749 cives,
697 1689 781 1753 qui
816 1705 1021 1735 numero
1051 1699 1099 1735 et.
1140 1687 1317 1735 viribus
1363 1687 1520 1752 Anglis
1555 1697 1604 1734 et
1642 1685 1943 1752 Burgundio-

513 1766 653 1813 nibus
686 1766 828 1830 longe
861 1767 1130 1831 superiores
1159 1775 1319 1824 erant,
1352 1765 1418 1812 eis
1442 1764 1505 1812 ad
1536 1773 1768 1812 conatum
1799 1773 1942 1829 atque

513 1843 805 1891 desiderium
833 1861 973 1891 suum
994 1843 1340 1909 perficiendum
1367 1842 1537 1890 fierent
1565 1842 1835 1907 adjutores,
1861 1858 1943 1908 ag·-

514 1922 657 1986 gressi
679 1932 789 1969 sunt
810 1922 982 1970 urbem
1010 1937 1283 1987 expugnare
1304 1958 1316 1982 ‚
1355 1921 1685 1986 insultumque
1714 1919 1872 1968 facere
1896 1929 1944 1968 et

515 2001 694 2048 vallum
734 2001 910 2048 intrare
950 1999 1264 2058 inchoarunt,
1308 1999 1570 2046 comitante
1607 1997 1804 2046 eosdem
1842 1997 1941 2045 imo

515 2088 562 2126 et
582 2088 824 2144 praeeunte
846 2081 1031 2125 Joanna
1057 2076 1240 2138 Puella,
1265 2093 1377 2123 cum
1403 2075 1527 2123 duce
1551 2073 1801 2125 Alenconii
1823 2074 1949 2122 mul-

517 2157 671 2221 tisque
704 2156 842 2220 regiis
876 2155 1134 2221 capitaneis
1164 2163 1211 2202 et
1242 2153 1447 2201 ducibus
1479 2153 1702 2201 militum.
1730 2151 1940 2214 Quibus,

516 2250 628 2282 cum
651 2234 682 2280 ii
706 2234 789 2298 qui
808 2234 858 2280 in
882 2233 1121 2281 moenibus
1145 2241 1282 2279 erant
1304 2229 1640 2278 confertissimi
1661 2239 1804 2296 atque
1827 2229 1946 2278 den-

519 2312 707 2370 sissimi,
740 2311 802 2358 ad
826 2311 1185 2359 defendendum
1207 2327 1262 2357 ac
1287 2308 1694 2375 propugnandum
1717 2307 1942 2374 expediti,

519 2390 760 2455 petrariis,
787 2390 1065 2450 tormentis,
1088 2388 1270 2436 balistis
1310 2397 1357 2434 et
1385 2387 1486 2435 aliis
1516 2386 1708 2452 jaculis,
1749 2386 1946 2435 viriliter

522 2467 786 2517 admodum
833 2467 1127 2528 resisterent,
1173 2465 1334 2512 multis
1380 2482 1437 2512 ex
1479 2465 1594 2531 ipsis
1630 2463 1944 2512 insultoribus

499 2547 781 2616 'peremptis
821 2545 895 2592 vel
934 2545 1177 2603 sauciatis,
1210 2544 1311 2609 ipsa
1331 2543 1474 2590 etiam
1501 2545 1687 2590 Joanna
1713 2540 1875 2588 Puella
1895 2539 1943 2588 in
2002 2576 2009 2585 .

519 2625 706 2673 femore
717 2624 850 2689 jactu
865 2623 1044 2671 balistae
1065 2623 1310 2671 vulnerata
1323 2659 1334 2681 ,
1354 2621 1561 2668 frustrati
1583 2619 1946 2685 inefficacesque

577 2767 615 2804 1.
648 2767 701 2805 Μ.
723 2766 890 2816 Laporte
909 2761 961 2800 du
985 2761 1093 2800 Theil
1112 2774 1135 2799 a
1152 2760 1319 2812 suppose
1342 2759 1391 2798 ici
1411 2772 1487 2798 une
1508 2757 1784 2806 inexactitude‚
1810 2755 1906 2797 mais
1924 2757 1946 2794 ὰ

528 2834 618 2864 tort.
640 2825 672 2864 Il
702 2822 869 2877 ignorait
889 2822 1053 2861 l’ancien
1075 2834 1192 2874 usage
1210 2819 1457 2859 d’introniser
1474 2819 1530 2858 les
1554 2818 1632 2857 rois
1655 2819 1678 2856 ὲ
1702 2815 1946 2859 saint-Denis

529 2886 642 2939 apres
660 2885 697 2925 le
717 2898 822 2925 sacre
842 2884 889 2923 de
907 2883 1051 2925 Reims.
1076 2885 1230 2922 Notices
1255 2884 1322 2919 des
1343 2884 1583 2928 manuscrits,
1600 2887 1628 2918 t.
1650 2881 1684 2929 1,
1706 2891 1747 2931 p.
1770 2878 1863 2916 417.

2067 1420 2086 1458 ..22-
2071 1258 2086 1410 *suba—¹...
2074 1223 2086 1246 ¹.-
2077 1188 2086 1202 ι.
2083 1148 2086 1156 -
