2086 3528
731 345 878 382 LIBER
904 343 1124 381 TERTIUS.
1567 346 1644 384 153

228 443 334 492 quae
361 425 594 493 oppidum
625 425 786 491 Diepae
818 425 1072 474 obsidione
1101 426 1201 490 jam
1228 426 1340 473 satis
1370 425 1513 491 longa
1539 444 1646 493 pre-v

195 533 197 535 ·
227 503 384 553 mebat
403 515 450 553 et
471 503 786 552 munitissima
803 503 925 551 foret
939 542 951 566 ,
981 521 1006 551 a
1030 520 1186 569 pauco
1208 513 1368 552 tamen
1386 514 1528 570 atque
1551 507 1647 553 exi-

228 598 323 647 guo
346 583 608 646 Anglorum
629 597 836 628 numero
866 581 1099 629 custodiri
1124 580 1252 644 (non
1285 582 1414 628 enim
1440 592 1576 629 erant
1596 583 1646 630 in

227 657 395 706 eadem
421 658 548 706 mille
570 658 863 723 bellatores),
890 676 947 706 ex
970 669 1250 724 contemptu
1272 659 1523 724 paucitatis
1546 660 1648 707 ani-

226 751 332 783 mos
347 734 614 783 attollentes
625 771 638 795 ,
661 736 720 783 ad
738 753 844 784 eam
860 735 1230 802 expugnandam
1243 753 1293 784 se
1308 736 1643 785 admoverunt.

227 815 286 861 Et
305 813 448 878 hujus
467 813 666 878 quidem
681 815 750 862 rei
773 814 969 862 Carolus
991 831 1091 874 rex,
1110 823 1164 860 ut
1180 830 1292 861 eum
1311 814 1360 860 in
1381 814 1524 862 rebus
1545 814 1649 862 bel-

227 890 329 940 licis
348 893 726 940 exercitatiorem
745 892 967 953 efficeret,
991 891 1143 940 filium
1167 908 1306 938 suum
1330 892 1645 954 Ludovicum,

228 969 290 1017 de
308 986 407 1035 quo
430 986 574 1036 supra
605 971 912 1018 meminimus
927 1007 940 1031 ,
966 971 1314 1018 conductorem
1347 987 1448 1018 esse
1471 970 1645 1032 voluit,

229 1047 342 1097 dato
371 1058 531 1097 tamen
563 1048 653 1097 sibi
682 1049 918 1097 directore
941 1049 1187 1108 Johanne,
1213 1049 1387 1096 comite
1413 1049 1645 1095 Dunensi.

294 1127 389 1185 Qui
411 1143 468 1175 ex
486 1126 662 1175 finibus
679 1128 1034 1176 Belvacensium
1049 1137 1095 1175 et
1115 1126 1461 1174 Ambianorum
1477 1125 1652 1173 adven-

230 1211 382 1253 tantes
392 1221 504 1252 cum
523 1205 633 1254 satis
647 1221 796 1271 parva
813 1221 963 1253 manu
976 1205 1192 1270 equitum
1208 1221 1263 1252 ac
1279 1203 1494 1270 peditum
1517 1203 1652 1268 (nam

227 1283 381 1348 patria
397 1283 476 1331 illa
491 1283 677 1333 deserta
696 1301 954 1333 numerum
972 1284 1063 1331 nisi
1080 1301 1282 1350 parvum
1305 1284 1430 1331 alere
1452 1283 1652 1330 minime

230 1361 519 1426 potuisset),
547 1362 608 1409 ad
631 1363 951 1428 expugnanda
985 1373 1137 1411 castra
1166 1380 1249 1411 seu
1267 1362 1507 1411 bastiliam
1531 1378 1654 1427 prae-

231 1438 408 1487 dictam
432 1440 695 1503 Anglorum
718 1458 767 1489 se
791 1441 1046 1489 dederunt.
1077 1442 1164 1488 Cui
1190 1441 1385 1505 negotio
1410 1457 1521 1487 cum
1540 1439 1653 1486 totis

232 1516 565 1565 incumberent
590 1517 798 1581 viribus,
834 1519 1069 1566 irruentes
1096 1518 1323 1565 audacter
1356 1527 1404 1565 et
1436 1518 1653 1565 animose

233 1595 284 1642 in
322 1596 523 1658 vallum,
565 1612 623 1643 ex
657 1597 792 1643 omni
831 1607 966 1662 parte
998 1595 1229 1644 insultum
1263 1595 1492 1643 fecerunt.
1531 1598 1654 1642 Cum

231 1682 392 1720 autem
422 1673 605 1739 Anglici
641 1675 692 1722 in
741 1674 931 1722 irritum
970 1691 1167 1722 suarum
1208 1673 1654 1722 bombardellarum

232 1759 280 1798 et
313 1751 589 1816 sagittarum
608 1753 762 1817 Jactus
787 1753 1151 1819 expendissent,
1179 1763 1226 1800 et
1256 1753 1469 1800 hostium
1489 1753 1657 1817 jaculis

233 1823 376 1894 atque
391 1854 395 1858 ·
409 1831 513 1878 telis
540 1832 743 1895 graviter
763 1842 810 1880 et
835 1832 1040 1880 multum
1063 1833 1149 1880 diu
1166 1833 1318 1898 pressi
1343 1841 1500 1879 essent
1516 1869 1528 1893 ,
1557 1831 1657 1879 vio-

233 1906 377 1955 lentia
421 1909 660 1974 armisque
702 1913 997 1958 Francorum
1034 1911 1143 1958 lassi
1181 1920 1228 1958 et
1270 1910 1475 1974 fatigati,
1510 1926 1658 1957 cesse-

234 1996 365 2033 runt.
404 1989 678 2035 Conscenso
700 1988 860 2053 itaque
883 1989 994 2036 valli
1018 1989 1314 2051 munimine,
1342 1988 1659 2053 ingredientes

236 2065 426 2125 Franci,
449 2083 571 2130 quos
593 2065 688 2114 illic
712 2067 932 2132 Anglicos
956 2068 1170 2115 invenire
1186 2077 1471 2133 potuerunt,
1492 2084 1660 2115 omnes

237 2141 333 2189 fere
354 2143 726 2192 trucidaverunt.
768 2145 883 2192 Caesi
906 2145 1046 2193 etiam
1077 2145 1271 2193 fuerunt
1293 2145 1516 2193 nonnulli
1538 2163 1661 2192 mer-

239 2229 446 2281 catores,
474 2222 557 2285 qui
578 2222 659 2270 illo
675 2258 688 2282 ,
710 2221 772 2269 ad
791 2223 1082 2287 portandam
1103 2223 1560 2288 ministrandamque
1577 2239 1661 2270 an-

242 2312 423 2344 nonam
447 2308 493 2346 et
513 2316 588 2347 res
617 2301 844 2348 exercitui
878 2302 1189 2363 necessarias,
1216 2301 1535 2363 advenerant,
1562 2301 1662 2349 aliis

242 2374 291 2420 in
315 2376 634 2440 captivitatem
655 2379 873 2427 abductis
888 2382 916 2427 ¹.

309 2452 430 2499 Huic
466 2464 627 2502 autem
672 2458 1017 2522 expugnationi
1055 2475 1285 2523 magnum
1316 2459 1446 2506 ‘cives
1482 2458 1662 2505 obsessi

246 2530 413 2595 oppidi
441 2533 746 2583 contulerunt
770 2536 1119 2600 adjumentum.
1146 2540 1267 2584 Cum
1289 2538 1418 2585 enim
1439 2538 1499 2584 sit
1520 2536 1663 2582 mari-

247 2606 418 2654 timum
447 2610 705 2675 oppidum,
733 2613 949 2679 plerique
973 2631 1028 2662 ex
1053 2614 1236 2662 civibus
1265 2625 1370 2661 tum
1398 2629 1578 2660 merces
1602 2610 1663 2658 ad

248 2683 362 2734 alias
387 2695 534 2735 terras
556 2689 860 2754 trajiciend0‚
886 2702 990 2741 tum
1019 2692 1272 2759 piscationi
1293 2690 1540 2751 vacando,
1578 2704 1662 2736 na-

309 2850 346 2887 ¹.
378 2848 479 2888 Aom
497 2851 614 2890 14⁴3.
