2086 3528
697 398 843 437 LIBER
870 396 1141 438 SECUNDUS.
1580 398 1630 435 73

215 500 348 552 paene
366 482 625 550 desperatis
648 481 697 530 in
720 491 821 529 tam
842 481 1075 530 secundas
1105 498 1161 529 ac
1187 497 1465 547 prosperas,
1490 481 1556 530 ita
1579 491 1633 529 ut

214 578 325 610 vere
347 561 408 609 de
431 569 564 608 tanta
584 560 900 608 conversione
920 560 1122 608 fortunae
1146 560 1241 608 dici
1262 570 1452 626 posset:
1480 581 1502 604 «
1522 562 1632 608 Haec

215 642 414 690 mutatio
437 640 640 688 dexterae
670 639 876 699 Excelsi,
909 659 932 685 »
957 639 1179 699 CarOIUS,
1205 642 1498 687 Francorum
1522 656 1630 697 rex,

215 720 298 786 qui
316 718 537 766 nondum
564 718 790 766 inunctus
809 734 944 766 more
971 718 1472 765 christianissimorum
1491 721 1634 765 Fran-

215 812 383 846 corum
418 812 585 860 regum
610 795 761 843 suerat
794 812 884 843 nec
917 797 1049 860 regio
1083 795 1354 843 diademate
1386 796 1636 859 insignitus

215 891 298 924 seu
337 883 619 936 coronatus,
656 891 715 922 eo
752 873 886 938 quod
928 876 1187 921 Remorum
1225 873 1414 932 civita5‚
1452 874 1501 920 in
1542 889 1637 937 qua

215 969 348 1017 reges
369 952 660 1012 consecrari,
680 962 727 999 et
745 952 1035 999 Parisiorum
1058 951 1170 998 urbs
1193 961 1239 999 et
1261 950 1372 998 villa
1390 966 1475 998 seu
1496 951 1637 1016 oppi-

215 1029 331 1079 dum
368 1030 792 1094 Sancti-Dionysii,
819 1030 867 1076 in
899 1046 997 1094 quo
1030 1029 1253 1077 coronari
1285 1044 1368 1076 eos
1395 1037 1637 1076 assuetum

215 1113 337 1169 erat,
360 1108 449 1156 sub
474 1108 731 1173 Anglorum
753 1118 986 1174 potestate
1010 1107 1170 1156 adhuc
1192 1117 1469 1155 tenerentur
1485 1144 1498 1168 ,
1525 1123 1640 1154 con-

216 1187 376 1234 tractis
400 1186 614 1251 undique
643 1187 789 1234 totius
820 1187 951 1251 regni
989 1186 1140 1251 copiis
1172 1185 1379 1251 partium
1407 1201 1512 1249 quae
1546 1201 1641 1231 suae

216 1263 444 1313 suberant
478 1264 676 1324 ditioni,
704 1274 750 1312 et
772 1265 979 1311 exercitu
1013 1280 1190 1328 magno
1213 1272 1528 1327 congregato,
1557 1262 1640 1309 de-

216 1343 364 1391 crevit
393 1352 556 1409 petere
589 1345 763 1390 Remos
795 1352 842 1389 et
869 1342 962 1390 illic
993 1359 1043 1390 se
1077 1341 1231 1390 facere
1264 1341 1558 1400 consecrari,
1596 1350 1642 1388 et

217 1420 388 1468 exinde
408 1421 718 1468 Parisiensem
743 1421 923 1485 regiam
941 1430 988 1467 et
1010 1419 1244 1486 oppidum
1260 1419 1439 1485 praefati
1462 1418 1643 1466 Sancti-

217 1499 452 1564 Dionysii‚
474 1499 522 1545 in
546 1515 645 1563 quo
669 1515 804 1545 more
828 1503 1068 1564 maJorum
1090 1508 1135 1545 ct
1154 1499 1518 1563 progenitorum
1538 1512 1645 1544 suo-

218 1593 328 1624 rum
351 1575 601 1624 celebriter
622 1592 672 1623 se
696 1575 870 1623 faceret
888 1575 1129 1623 coronari.
1157 1577 1412 1639 Aggressus
1428 1573 1534 1640 [est]
1558 1575 1644 1621 ita-

219 1671 313 1719 que
347 1657 538 1714 Trecas,
564 1647 837 1719 Campaniae
871 1652 1066 1714 urbem,
1094 1652 1296 1700 consilio
1325 1663 1467 1716 atque
1500 1669 1648 1718 opera

220 1731 543 1798 probatissimi
569 1742 713 1796 atque
742 1732 1077 1797 sapientissimi
1102 1732 1190 1778 viri
1217 1732 1427 1796 magistri
1451 1732 1649 1780 Joaunis

225 1810 401 1871 Acuti¹,
428 1810 510 1873 qui
533 1810 658 1857 illius
690 1809 821 1857 urbis
857 1809 1181 1876 episcopalem
1214 1810 1492 1858 cathedram
1514 1820 1646 1857 tene-

222 1887 305 1935 bat
328 1897 375 1935 et
395 1887 712 1935 ecclesiastica
733 1897 926 1935 strenue
951 1898 996 1935 et
1014 1887 1238 1935 nobiliter
1257 1887 1645 1948 administrabat3

226 1964 276 2011 in
301 1981 395 2030 qua
418 1963 538 2012 urbe
560 1981 672 2012 cum
694 1981 811 2030 pace
841 1974 889 2012 et
921 1963 1079 2012 laetitia
1103 1975 1322 2030 receptus
1352 1975 1439 2013 est.
1468 1965 1651 2013 Exinde

223 2060 336 2091 vero
361 2043 678 2092 Catalaunum
713 2052 759 2090 et
791 2045 964 2090 Remos
985 2053 1177 2108 petens,
1205 2043 1398 2092 casdem
1431 2043 1575 2092 urbes
1605 2055 1651 2092 et

225 2130 374 2170 totam
405 2138 538 2187 paene
573 2121 907 2186 Campaniam,
937 2121 1061 2169 facta
1093 2121 1363 2169 voluntaria
1386 2122 1649 2183 deditione,

226 2199 427 2265 recepit,
456 2199 639 2264 fuitque
671 2199 853 2261 Remis,
879 2216 992 2247 cum
1022 2216 1198 2264 magno
1227 2200 1473 2266 triumpho
1508 2210 1555 2248 et
1579 2201 1652 2247 in·-

228 2278 356 2342 genti
395 2281 689 2326 Francorum
727 2277 994 2337 alacritate,
1030 2277 1139 2325 oleo
1176 2295 1313 2326 sacro
1348 2279 1573 2327 inunctus
1608 2288 1654 2326 et

228 2365 436 2403 sacratus
453 2358 483 2418 ²,
520 2357 779 2404 comitante
809 2373 998 2422 semper
1028 2359 1215 2405 Joanna
1248 2357 1434 2419 Puella,
1461 2359 1510 2405 in
1532 2357 1656 2405 virili

228 2443 356 2481 veste
373 2443 420 2481 et
439 2434 607 2492 armis,
635 2434 818 2498 regium
841 2435 1102 2482 exercitum
1124 2451 1235 2482 cum
1263 2436 1359 2483 suis
1385 2446 1496 2484 ante
1519 2435 1656 2484 dictis

230 2510 514 2559 militaribus
537 2511 699 2576 signis.

298 2588 476 2635 Volens
508 2598 670 2635 autem
701 2606 783 2636 rex
812 2598 858 2636 et
880 2588 993 2636 alias
1020 2590 1156 2653 regni
1180 2589 1322 2638 urbes
1344 2602 1391 2639 et
1420 2593 1527 2639 loca
1547 2608 1657 2657 pro-

233 2665 535 2729 vinciasque,
562 2682 665 2730 quae
688 2665 846 2713 adhuc
869 2665 958 2713 sub
989 2665 1202 2714 hostium
1238 2678 1374 2716 erant
1395 2678 1653 2734 potestate,

290 2797 329 2832 1.
360 2797 456 2833 Jean
481 2794 673 2848 Laiguise.
696 2799 768 2836 Les
786 2806 943 2835 auteurs
962 2796 1015 2835 du
1042 2798 1173 2835 Gallia
1193 2798 1415 2837 Christiana
1437 2806 1506 2837 ont
1524 2798 1598 2837 cite
1615 2812 1659 2838 ce

236 2867 397 2907 passage
419 2854 513 2909 dans
529 2855 614 2894 leur
625 2857 751 2896 notice
770 2857 836 2896 des
853 2858 1021 2910 eveques
1040 2857 1088 2896 de
1107 2861 1265 2910 Troyes.
1286 2862 1328 2897 T.
1355 2861 1446 2908 XII,
1471 2873 1510 2911 p.
1535 2861 1630 2901 514.

293 2916 331 2954 2.
363 2917 416 2953 Le
436 2917 484 2952 17
502 2915 628 2964 juillet
644 2917 761 2955 1429.
