2086 3528
712 336 858 373 LIBER
886 335 1128 384 QUARTUS.
1558 340 1633 376 169

227 418 601 485 quisssumptibus
629 418 973 483 quinquaginta
1000 418 1255 466 domorum
1294 419 1467 467 armari
1499 421 1634 474 vesti-

209 496 360 562 „rique
395 495 584 544 militari
617 496 900 544 vestimento
942 495 1158 557 deberet,
1191 494 1440 562 eidemque
1470 513 1600 546 arma
1618 534 1631 558 ,

226 575 412 639 quoties
449 591 570 640 opus
607 573 765 635 foret,
803 590 939 621 arcus
980 583 1027 620 et
1064 573 1288 639 pharetra
1326 575 1546 623 renovari
1572 584 1637 642 ,et

178 694 182 696 a
225 652 477 701 restaurari
500 651 750 700 haberent.
782 653 841 698 Hi
867 651 1102 717 siquidem
1127 652 1314 714 nullum
1347 653 1636 719 stipendium

225 729 516 795 acciperent,
548 729 641 776 nisi
664 746 775 776 cum
800 746 825 777 e
859 730 1100 795 parochiis
1132 733 1227 778 suis
1260 748 1348 797 pro
1377 731 1534 796 aliqua
1556 749 1635 779 ex-

225 806 467 872 peditione
502 808 632 872 regia
671 807 1017 868 educerentur3
1056 808 1139 855 sed
1170 824 1302 856 arma
1332 826 1519 874 semper
1554 810 1637 857 ha-

223 883 390 933 bentes
418 895 607 951 parata,
644 886 692 932 in
725 886 820 933 suis
847 885 1027 933 aedibus
1055 895 1371 946 morarentur,
1396 886 1474 934 vel
1499 903 1636 950 agro-

224 975 330 1009 rum
364 961 583 1025 culturae,
621 963 698 1010 vel
737 963 934 1027 alicujus
976 964 1088 1010 artis
1130 965 1264 1029 operi
1302 972 1443 1027 atque
1478 963 1636 1012 officio

223 1040 487 1088 insistentes
511 1051 558 1088 et
583 1051 826 1090 vacantes.
861 1044 928 1089 Ne
947 1051 1131 1104 autem,
1159 1041 1337 1107 absque
1360 1043 1457 1090 ullo
1480 1043 1636 1090 hono-

223 1119 349 1165 rario
370 1134 455 1165 seu
482 1118 683 1166 utilitate
697 1155 711 1179 ,
743 1135 888 1166 onere
911 1119 1086 1167 militiae
1109 1120 1218 1185 plus
1240 1119 1433 1183 reliquis
1460 1121 1638 1184 gravati

222 1205 490 1258 manerent,
505 1195 785 1257 immunitas
810 1196 877 1243 eis
899 1212 926 1243 a
949 1196 1160 1244 collectis
1184 1206 1231 1243 et
1253 1196 1389 1244 talliis
1411 1198 1548 1261 regiis
1568 1207 1638 1245 est

221 1273 624 1338 praestita¹..Cujus
644 1274 1068 1340 contemplatione,
1093 1291 1152 1322 eo
1172 1275 1306 1338 quod
1321 1275 1457 1323 talliae
1475 1292 1638 1340 graves

222 1360 365 1416 atque
385 1367 599 1399 onerosae
623 1361 800 1414 essent,
827 1352 962 1399 facile
986 1352 1352 1402 inveniebantur
1374 1353 1533 1419 plures
1555 1353 1638 1418 qui

222 1428 290 1486 ad,
308 1445 412 1476 eam
430 1446 480 1476 se
502 1430 718 1478 militiam
735 1429 1000 1495 obligarent
1021 1432 1363 1496 ultroneosque
1383 1433 1633 1491 offerrent3

221 1506 320 1554 imo
355 1516 402 1554 et
438 1523 561 1573 saepe
598 1524 724 1555 unus
748 1507 974 1556 adversus
1001 1509 1204 1557 alterum
1223 1547 1234 1569 ‚
1270 1510 1334 1557 ob
1361 1510 1638 1574 hujusmodi

221 1584 532 1649 immunitatis
582 1586 945 1651 praerogativam
994 1602 1083 1651 pro
1145 1587 1311 1634 militia
1360 1587 1637 1651 hujusmodi

221 1662 632 1728 consequendam,
661 1663 975 1711 decertarent.
999 1667 1174 1712 Tantus
1199 1666 1368 1713 animis
1383 1683 1516 1731 paene
1538 1683 1638 1714 om-

221 1739 358 1787 nium
389 1740 619 1788 libertatis
640 1757 778 1789 amor
799 1742 993 1789 innatus
1016 1752 1114 1804 est,
1141 1757 1193 1789 ut
1211 1760 1300 1808 pro
1325 1759 1381 1790 ea
1399 1760 1448 1791 se
1472 1744 1638 1791 mortis

221 1817 482 1865 discrimini
518 1820 809 1885 quicumque
844 1820 1061 1883 generosi
1095 1821 1243 1868 animi
1281 1837 1380 1868 non
1419 1820 1637 1870 dubitent

221 1911 488 1960 exponere3
516 1913 791 1962 quanquam
818 1897 951 1945 haud
976 1908 1152 1945 temere
1179 1898 1386 1951 diffinire
1408 1901 1632 1960 velimus,

223 1982 329 2021 utra
351 1973 523 2022 harum
548 1975 829 2023 servitutum
856 1976 1045 2039 gravior
1068 1986 1148 2023 aut
1172 1976 1416 2024 molestior
1438 1978 1540 2025 viro
1563 1994 1635 2025 sa-

221 2053 368 2118 pienti
403 2054 612 2112 exsistat,
655 2044 946 2102 tributorum
975 2054 1150 2102 scilicet
1188 2064 1269 2102 aut
1304 2055 1635 2119 hujuscemodi

221 2130 451 2196 pedestris
472 2131 664 2179 militiae.

285 2208 406 2256 Talis
427 2209 567 2273 igitur
589 2209 637 2255 in
658 2209 824 2257 militia
853 2210 1051 2272 Gallica,
1075 2228 1203 2258 anno
1228 2212 1412 2259 circiter
1433 2212 1635 2261 decurso

222 2301 279 2332 ex
306 2301 404 2349 quo
437 2302 548 2334 cum
584 2286 739 2351 Anglis
773 2298 947 2352 treugae
975 2288 1369 2353 pactaefue1·ant²,
1414 2291 1534 2338 ordo
1566 2301 1636 2339 est

222 2364 434 2428 positus:
462 2365 598 2412 initio
627 2365 823 2430 quidem
855 2383 954 2414 non
989 2367 1137 2414 modo
1161 2368 1316 2430 utilis,
1347 2369 1430 2416 sed
1462 2379 1509 2418 et
1529 2386 1636 2435 per-

278 2530 316 2566 1.
342 2528 435 2567 Voir
454 2529 724 2571 l’ordonnance
743 2534 809 2584 qui
828 2534 982 2572 institue
1003 2543 1100 2573 cette
1121 2534 1263 2583 milice;
1287 2535 1360 2573 elle
1379 2543 1436 2573 est
1454 2534 1563 2573 datee
1583 2533 1635 2572 du

223 2591 273 2628 28
297 2588 395 2627 avril
416 2590 534 2628 1448.
557 2593 820 2629 Orclonnances
839 2595 904 2630 des
925 2597 1014 2631 Rois
1032 2596 1080 2631 de
1097 2596 1255 2643 Franco,
1272 2603 1300 2632 t.
1323 2597 1428 2640 XIV,
1451 2608 1491 2646 p.
1514 2599 1550 2633 1.

279 2650 318 2688 2.
343 2649 448 2685 Cette
474 2650 782 2700 approximation
795 2681 806 2698 ‚
833 2652 900 2703 qui
919 2661 975 2691 est
995 2652 1096 2701 juste
1124 2667 1225 2705 pour
1242 2667 1286 2692 ce
1304 2654 1372 2705 qui
1390 2665 1578 2691 concerne
1598 2652 1636 2692 la

224 2707 515 2761 gendarmerie,
547 2708 671 2747 aurait
699 2710 751 2748 du
780 2712 875 2750 faire
906 2713 1132 2764 apercevoir
1158 2715 1180 2750 ἐι
1210 2713 1375 2750 l'auteur
1396 2711 1488 2762 qu’il
1511 2710 1635 2749 s’etait

223 2767 376 2819 trompe
395 2779 441 2805 en
460 2767 612 2818 placant
628 2768 664 2807 la
685 2771 905 2810 conclusion
926 2772 974 2811 de
993 2773 1156 2812 latreve
1175 2775 1195 2810 a
1213 2773 1289 2810 l'an
1310 2774 1426 2821 1443,
1446 2785 1594 2810 comme
1606 2770 1634 2810 il

223 2841 245 2868 a
269 2827 333 2865 fait
352 2827 550 2876 ci-dessus,
573 2842 611 2880 p.
637 2831 725 2869 160.
