2086 3528
754 364 900 401 LIBER
926 364 1154 412 QUINTUS.
1599 364 1675 402 277

258 446 586 495 Communitas
609 446 805 512 oppidi,
832 458 886 494 ut
907 465 1076 496 eorum
1101 449 1289 496 animos
1311 446 1439 495 bona
1463 464 1546 513 spe
1568 465 1681 495 con-

258 525 505 572 firmarent
544 523 656 571 fidei
696 541 790 572 suae
828 535 969 589 atque
1003 543 1253 574 succursus
1287 525 1515 591 polliciti,
1552 525 1682 573 velut

259 602 478 664 obsides,
505 601 627 649 duos
650 619 708 649 ex
737 603 928 650 decanis
951 605 962 627 ¹
985 604 1081 650 suis
1103 604 1164 651 ad
1188 614 1395 651 castrum
1422 604 1652 650 miserunt
1667 641 1678 662 ,

259 679 570 741 affirmanteS,
599 679 638 726 si
661 679 722 726 ad
750 697 831 727 eos
854 679 950 745 dux
978 680 1259 744 Burgundiae
1283 691 1489 728 castrum
1514 681 1682 728 obses·

259 776 397 807 surus
413 758 671 806 exerc-itum
692 758 987 820 admoveret,
1007 775 1057 805 50
1075 775 1242 819 01111105
1258 759 1389 824 prius
1407 760 1678 818 morituros,

260 853 406 902 quam
440 836 636 883 eosdem
675 836 1000 901 relinquerent
1037 835 1328 883 indefensos.
1366 839 1470 883 Hoc
1503 837 1682 901 itaque,

258 913 524 962 velutfidei
553 913 673 960 datae
701 922 899 979 accepto
921 912 1101 961 idoneo
1124 914 1325 978 pignore
1342 950 1354 974 ‚
1381 912 1682 977 confirmati,

246 991 569 1044 ,obsidionem
592 991 906 1039 decreverunt
928 1001 1217 1057 exspectare.

749 1166 1090 1213 CAPITULUM
1118 1167 1177 1211 X.

324 1287 519 1334 Quomodo
536 1287 607 1323 dux
625 1287 839 1335 Burgundiae
857 1287 997 1322 obsedit
1010 1295 1165 1322 castrum
1181 1286 1226 1321 de
1243 1290 1351 1321 Gavre
1369 1294 1404 1321 et
1419 1285 1626 1340 Gandenses

497 1346 702 1394 prostravit,
723 1347 871 1381 obsessis
888 1358 1093 1381 succursum
1110 1354 1275 1394 praestare
1293 1355 1451 1382 conatos.

331 1458 440 1514 Quo
463 1456 621 1504 statim
646 1455 858 1503 secundo
881 1466 1063 1517 castro,
1099 1465 1152 1502 ut
1182 1455 1413 1515 diximus,
1439 1454 1687 1519 expedito,

265 1538 510 1585 constricti
541 1548 588 1585 et
619 1538 732 1603 ipsi,
758 1538 1053 1603 paucissimis
1077 1531 1287 1585 decursis
1318 1537 1512 1596 diebus,
1547 1537 1691 1584 dedi-

265 1615 447 1662 tionem
465 1615 527 1663 ad
550 1625 722 1663 nutum
746 1625 793 1663 et
815 1615 1109 1662 voluntatem
1134 1615 1362 1681 principis
1386 1615 1539 1662 facere
1558 1631 1693 1662 com-

234 1692 391 1758 *pulsi
447 1704 574 1741 suut.
617 1694 712 1751 Qui
760 1703 814 1740 ut
843 1694 1028 1758 ‚laqueo
1070 1703 1119 1740 et
1158 1694 1249 1758 ipsi
1284 1694 1431 1741 vitam
1476 1695 1692 1758 suspensi

265 1770 486 1832 finirent,
519 1770 935 1836 quemadmodum
964 1771 1148 1836 priores
1176 1771 1412 1831 fecerant,
1442 1772 1509 1819 eis
1537 1772 1694 1820 decla-

265 1859 426 1896 ratum
449 1849 554 1896 fuit.
589 1852 711 1896 Cum
739 1859 900 1896 autem
932 1848 1171 1895 exsecutio
1204 1847 1358 1907 fieret,
1384 1849 1694 1915 supplicium-

266 1943 361 1991 que
395 1926 456 1974 de
490 1927 603 1991 ipsis
641 1935 925 1987 sumeretur,
966 1942 1076 1977 ecce
1120 1925 1376 1973 adventare
1416 1926 1696 1975 Gandenses

266 2021 380 2065 cum
414 2005 622 2051 maxima
660 2004 966 2052 multitudine
999 2003 1203 2068 principi
1227 2020 1430 2068 >suoque
1468 2005 1694 2051 exercitui

269 2082 532 2129 nuntiatur.
580 2081 748 2138 Adhuc
783 2082 912 2128 enim
956 2080 1190 2146 putabant
1225 2081 1446 2128 obsessos
1478 2082 1613 2129 vivos
1648 2092 1695 2129 et

269 2160 535 2208 incolumes
557 2160 789 2207 invenire.
820 2159 961 2217 Quod
985 2176 1096 2206 cum
1117 2159 1183 2207 ita
1204 2159 1545 2207 illustrissimus
1563 2161 1696 2225 prin-

269 2255 382 2304 ceps
435 2238 766 2299 intellexisset,
817 2237 1078 2284 accelerato
1128 2236 1404 2284 deditorum
1460 2238 1694 2303 supplicio

272 2318 423 2381 (inter
453 2334 574 2381 quos
603 2325 650 2363 et
676 2315 744 2363 illi
779 2315 950 2363 decani
982 2314 1312 2362 Gandensium
1343 2332 1509 2380 poenas
1543 2316 1696 2362 dede-

270 2395 412 2459 runt)
439 2432 451 2454 ,
480 2394 611 2442 laetus
639 2395 803 2441 animo
828 2403 972 2458 atque
995 2393 1168 2451 alacer,
1194 2392 1342 2440 veluti
1365 2394 1534 2440 festivo
1558 2393 1698 2440 alicui

273 2473 544 2538 celebrique
581 2473 806 2520 convivio
840 2481 963 2519 esset
995 2471 1272 2533 adfuturus,
1311 2473 1436 2528 acies
1463 2489 1571 2519 suas
1598 2482 1695 2519 tam

275 2546 491 2614 equitum
516 2566 663 2614 quam
686 2549 901 2614 peditum
926 2548 1096 2595 ordine
1115 2549 1420 2596 convenienti
1442 2548 1698 2613 disponere

331 2690 370 2728 1.
406 2706 423 2723 «
457 2690 570 2727 Deux
599 2686 666 2725 des
700 2686 845 2737 doyens
873 2685 941 2724 des
971 2685 1142 2724 metiers.
1176 2702 1193 2719 »
1229 2687 1289 2724 On
1319 2685 1489 2737 appelait
1519 2685 1642 2734 ainsi,
1680 2688 1703 2724 a

276 2749 388 2788 Gand
401 2779 412 2797 ,
431 2749 488 2787 les
505 2748 609 2786 chefs
630 2748 697 2786 des
713 2747 980 2799 corporations
998 2745 1273 2792 iudustrielles,
1298 2746 1366 2796 qui
1386 2745 1560 2783 faisaient
1579 2745 1702 2797 partie

279 2807 332 2847 du
357 2821 471 2860 corps
502 2807 688 2860 politique
722 2806 770 2844 de
804 2807 841 2844 la
865 2805 957 2844 ville
982 2804 1119 2857 depuis
1149 2805 1184 2843 le
1212 2813 1335 2856 temps
1367 2803 1414 2842 de
1439 2807 1602 2855 Jacques
1631 2809 1704 2844 Ar-

279 2864 431 2918 teveld,
451 2876 489 2906 et
506 2866 573 2919 qui
593 2870 685 2905 n’en
706 2865 833 2905 furent
852 2865 940 2918 plus
958 2866 1071 2918 apres
1090 2865 1125 2904 la
1143 2863 1300 2903 bataille
1317 2864 1364 2902 de
1389 2865 1532 2904 Gavre.
