2086 3528
758 327 905 397 LtBER
932 328 1153 373 TERTIUS.
1598 337 1675 375 139

315 419 537 468 similiter
567 412 805 485 oppidum
825 430 938 466 eum
961 422 1118 468 castro
1141 419 1203 468 de
1223 420 1519 486 Monte-Argi
1538 421 1675 470 dedi-

251 499 434 548 tionem
455 499 607 548 facere
630 507 851 546 coactum
874 502 970 562 est,
1001 501 1108 565 ipso
1131 497 1315 565 oppido
1338 510 1424 566 per
1448 499 1677 548 insultum

109 578 116 587 '
189 582 192 586 “
251 586 524 644 expugnato
546 586 595 626 et
618 580 804 644 capto¹.

317 658 376 705 Et
391 658 457 706 sic
468 669 556 724 per
575 656 739 705 omnia
752 656 853 721 jam
869 655 1069 704 flumina
1086 674 1275 706 sursum
1291 675 1455 707 versus
1466 658 1678 713 habuere

252 730 536 784 parisienses
555 734 807 782 transitum
825 733 1048 794 liberum.
1074 734 1167 783 Sed
1185 752 1296 783 cum
1313 735 1414 783 haec
1432 737 1531 801 regi
1548 738 1680 803 ipsis-

251 814 482 882 quesatis
504 814 655 863 fauste
680 830 736 863 ac
768 812 963 862 feliciter
993 816 1323 880 provenissent
1341 853 1353 877 ‚
1379 815 1507 865 aliud
1531 815 1678 882 paulo

250 902 360 962 post
375 904 518 959 grave
532 893 600 942 eis
620 893 821 957 contigit
839 892 1159 942 infortunium
1177 894 1387 942 evenire.
1411 897 1532 943 Nam
1551 899 1680 944 Pon-

250 966 405 1022 tisarae
420 972 675 1039 oppidum,
693 971 754 1019 ab
772 971 874 1037 ipsa
886 970 1004 1019 urbe
1019 972 1147 1037 regia
1163 977 1274 1021 octo
1292 972 1517 1021 brevibus
1531 973 1681 1023 leucis

251 1045 500 1100 dumtaxat
520 1062 762 1099 remotum
779 1088 791 1110 ,
817 1060 966 1098 noctu
989 1048 1051 1098 ab
1075 1050 1280 1115 Anglicis
1299 1051 1425 1100 circa
1446 1050 1548 1099 dies
1569 1054 1682 1100 Car-

252 1129 527 1197 nispriviae²‚
551 1129 689 1178 scalis
705 1127 929 1190 admotis»,
952 1128 1127 1176 exstitit
1147 1135 1437 1195 occupatum
1453 1140 1499 1177 et
1520 1130 1681 1196 direp-

252 1212 373 1258 tum.
402 1209 550 1269 Quod
577 1220 690 1257 cum
712 1209 804 1275 ipsi
835 1206 1018 1273 Anglici
1051 1223 1229 1274 magno
1252 1221 1453 1258 suorum
1475 1221 1681 1257 numero

253 1288 563 1351 muniissent,
591 1286 762 1336 urbem
785 1285 939 1353 ipsam
959 1287 1139 1352 regiam
1162 1287 1382 1336 maximis
1410 1286 1684 1335 afficiebant

253 1367 597 1430 incommodis,
621 1382 733 1417 cum
756 1366 900 1414 etiam
916 1367 1198 1415 Meduntam
1213 1368 1226 1390 ³
1250 1364 1409 1413 adhuc
1433 1381 1578 1432 supra
1599 1368 1684 1414 Se·

255 1460 490 1512 quanam,
518 1462 619 1494 non
637 1444 845 1493 multum
866 1444 927 1492 ab
947 1443 1116 1493 eadem
1138 1444 1256 1493 urbe
1280 1444 1485 1505 distans,
1509 1453 1556 1492 et
1572 1447 1685 1492 Cre-

255 1523 442 1572 dulium
477 1525 712 1572 castrum*
743 1540 888 1590 supra
923 1524 1127 1583 Isaram,
1161 1538 1273 1570 cum
1307 1521 1553 1570 nonnullis
1585 1522 1686 1570 aliis

256 1610 550 1666 occuparent
574 1608 621 1647 et
649 1609 885 1648 tenerent.
915 1597 1193 1663 Languebat
1213 1598 1354 1664 igitur
1378 1598 1548 1647 eadem
1571 1597 1686 1646 urbs

256 1674 649 1745 'affligebaturque
689 1676 847 1727 adhuc
887 1677 952 1726 ob
993 1672 1329 1743 hujuscemodi
1379 1678 1573 1725 causam
1589 1715 1600 1736 ‚
1640 1680 1688 1724 et

257 1758 442 1826 magnis
474 1757 753 1823 subjacebat
795 1757 1024 1805 molestiis
1039 1793 1052 1818 ‚
1091 1757 1250 1804 donec
1292 1773 1422 1804 anno
1451 1771 1682 1804 mcccch.

258 1853 340 1883 rex
357 1831 553 1886 Carolus
569 1853 675 1886 eam
691 1835 865 1885 talibus
883 1831 1112 1902 angustiis
1132 1834 1382 1885 absolvere
1402 1847 1515 1883 cum
1531 1833 1689 1882 valida

259 1916 614 1981 expugnatione
645 1915 822 1964 auxilio
858 1915 1022 1979 affuit,
1061 1922 1482 1981 expugnatumque
1505 1910 1689 1960 Credu-

258 1994 377 2043 lium
396 1995 554 2045 statim
578 1997 771 2062 recepit.

722 2147 1068 2196 CAPlTULUM
1101 2149 1225 2195 xlv.

546 2260 704 2305 Qualiter
720 2261 906 2297 Pontisara
924 2274 945 2296 a
962 2261 1092 2296 Carolo
1112 2273 1194 2308 rege
1212 2258 1408 2296 obsidetur.

331 2359 402 2408 Ad
424 2361 721 2409 Pontisaram
743 2377 883 2421 vero,
909 2378 1014 2426 quae
1040 2368 1213 2425 ma‘gna
1239 2359 1504 2423 Anglorum
1532 2358 1692 2423 praesi-

268 2438 347 2487 dia
368 2439 494 2486 intus
515 2439 752 2501 habebat,
776 2437 1088 2488 'obsidionem
1120 2449 1166 2487 et
1191 2448 1345 2487 castra
1373 2438 1594 2485 locavit.
1566 2438 1579 2461 ⁸
1626 2434 1692 2481 Ad

323 2568 362 2604 1.
394 2568 515 2604 Autre
534 2566 844 2606 anachronisme.
866 2570 922 2606 La
941 2567 1044 2620 prise
1065 2567 1113 2605 de
1136 2566 1348 2619 Montargis
1367 2574 1425 2604 est
1448 2564 1496 2602 de
1517 2565 1636 2602 1438.

324 2627 363 2664 2.
393 2627 449 2664 La
466 2626 559 2664 ville
579 2625 628 2665 de
645 2627 824 2666 Pontoise
846 2626 906 2665 sut
927 2625 1076 2679 perdue
1104 2626 1388 2665 effectivement
1416 2626 1438 2661 a
1462 2621 1622 2661 l’entree
1644 2619 1697 2659 du

271 2688 454 2734 Careme‚
476 2686 570 2725 mais
592 2687 639 2725 de
654 2687 678 2725 l’
683 2687 806 2726 annee
827 2690 945 2726 1438.

329 2749 368 2786 3.
398 2716 588 2784 ,Μέᾱιιηια
606 2745 700 2785 dans
721 2746 757 2786 le
775 2746 998 2787 manuscrit.
1018 2749 1068 2792 ‘C'
1072 2756 1130 2786 est
1153 2746 1317 2785 Mantes.

327 2810 366 2845 4.
397 2810 451 2845 Le
470 2806 631 2846 chateau
643 2806 692 2846 de
710 2803 827 2858 Creil‚
848 2808 944 2847 dans
960 2815 1038 2847 une
1051 2807 1102 2847 ile
1118 2807 1167 2847 de
1185 2806 1318 2846 l’Oise,

329 2872 368 2907 5.
400 2870 454 2906 Le
475 2869 498 2905 6
515 2866 641 2916 juillet
658 2869 777 2909 1441.
