<?xml version="1.0" encoding="UTF-8"?>
<!DOCTYPE html PUBLIC "-//W3C//DTD XHTML 1.0 Transitional//EN"
    "http://www.w3.org/TR/xhtml1/DTD/xhtml1-transitional.dtd">
<html xmlns="http://www.w3.org/1999/xhtml" xml:lang="en" lang="en">
 <head>
  <title>
</title>
<meta http-equiv="Content-Type" content="text/html;charset=utf-8" />
  <meta name='ocr-system' content='tesseract 3.04.00' />
  <meta name='ocr-capabilities' content='ocr_page ocr_carea ocr_par ocr_line ocrx_word'/>
</head>
<body>
  <div class='ocr_page' id='page_1' title='image "./histoiredesrgn01basiuoft_0319.png"; bbox 0 0 2086 3528; ppageno 0'>
   <div class='ocr_carea' id='block_1_1' title="bbox 0 1273 49 3528">
    <p class='ocr_par' dir='ltr' id='par_1_1' title="bbox 0 1273 49 3528">
     <span class='ocr_line' id='line_1_1' title="bbox 0 1273 49 3528; baseline 0 0"><span class='ocrx_word' id='word_1_1' title='bbox 0 1273 49 3528; x_wconf 95' lang='lat' dir='ltr'> </span> 
     </span>
    </p>
   </div>
   <div class='ocr_carea' id='block_1_2' title="bbox 721 332 1634 379">
    <p class='ocr_par' dir='ltr' id='par_1_2' title="bbox 721 332 1634 379">
     <span class='ocr_line' id='line_1_2' title="bbox 721 332 1634 379; baseline 0.012 -11"><span class='ocrx_word' id='word_1_2' title='bbox 721 332 867 370; x_wconf 85' lang='lat' dir='ltr'>LIBER</span> <span class='ocrx_word' id='word_1_3' title='bbox 905 334 1124 375; x_wconf 86' lang='lat' dir='ltr'><strong>TERTIUS.</strong></span> <span class='ocrx_word' id='word_1_4' title='bbox 1558 342 1634 379; x_wconf 71' lang='lat'>145</span> 
     </span>
    </p>
   </div>
   <div class='ocr_carea' id='block_1_3' title="bbox 213 414 1652 2752">
    <p class='ocr_par' dir='ltr' id='par_1_3' title="bbox 213 414 1648 2344">
     <span class='ocr_line' id='line_1_3' title="bbox 215 414 1633 482; baseline 0.006 -19"><span class='ocrx_word' id='word_1_5' title='bbox 215 416 424 476; x_wconf 85' lang='lat' dir='ltr'>mittere;</span> <span class='ocrx_word' id='word_1_6' title='bbox 451 423 669 463; x_wconf 82' lang='lat' dir='ltr'>econtra</span> <span class='ocrx_word' id='word_1_7' title='bbox 703 415 877 478; x_wconf 81' lang='lat' dir='ltr'>Anglos</span> <span class='ocrx_word' id='word_1_8' title='bbox 907 414 1178 465; x_wconf 87' lang='lat' dir='ltr'><strong>defensioni</strong></span> <span class='ocrx_word' id='word_1_9' title='bbox 1215 418 1458 482; x_wconf 81' lang='lat' dir='ltr'><strong>insistere,</strong></span> <span class='ocrx_word' id='word_1_10' title='bbox 1497 438 1633 471; x_wconf 87' lang='lat' dir='ltr'>scan-</span> 
     </span>
     <span class='ocr_line' id='line_1_4' title="bbox 213 492 1634 562; baseline 0.006 -19"><span class='ocrx_word' id='word_1_11' title='bbox 213 494 380 543; x_wconf 87' lang='lat' dir='ltr'>dentes</span> <span class='ocrx_word' id='word_1_12' title='bbox 397 493 556 542; x_wconf 91' lang='lat' dir='ltr'>hostes</span> <span class='ocrx_word' id='word_1_13' title='bbox 586 492 790 557; x_wconf 90' lang='lat' dir='ltr'>dejicere</span> <span class='ocrx_word' id='word_1_14' title='bbox 805 529 817 553; x_wconf 93' lang='lat'><strong><em>‚</em></strong></span> <span class='ocrx_word' id='word_1_15' title='bbox 842 494 892 541; x_wconf 90' lang='lat' dir='ltr'>in</span> <span class='ocrx_word' id='word_1_16' title='bbox 916 511 999 543; x_wconf 92' lang='lat' dir='ltr'>eos</span> <span class='ocrx_word' id='word_1_17' title='bbox 1026 495 1211 562; x_wconf 89' lang='lat' dir='ltr'>lapides</span> <span class='ocrx_word' id='word_1_18' title='bbox 1226 536 1238 558; x_wconf 87' lang='lat'>,</span> <span class='ocrx_word' id='word_1_19' title='bbox 1256 498 1391 562; x_wconf 51' lang='lat' dir='ltr'>¹ligna</span> <span class='ocrx_word' id='word_1_20' title='bbox 1418 510 1465 548; x_wconf 90' lang='lat' dir='ltr'>et</span> <span class='ocrx_word' id='word_1_21' title='bbox 1487 518 1634 551; x_wconf 88' lang='lat' dir='ltr'>omne</span> 
     </span>
     <span class='ocr_line' id='line_1_5' title="bbox 214 572 1635 644; baseline 0.006 -24"><span class='ocrx_word' id='word_1_22' title='bbox 214 572 421 621; x_wconf 89' lang='lat' dir='ltr'>telorum</span> <span class='ocrx_word' id='word_1_23' title='bbox 456 588 604 637; x_wconf 88' lang='lat' dir='ltr'>genus</span> <span class='ocrx_word' id='word_1_24' title='bbox 634 572 890 621; x_wconf 76' lang='lat' dir='ltr'>immittere</span> <span class='ocrx_word' id='word_1_25' title='bbox 909 611 921 634; x_wconf 96' lang='lat'>,</span> <span class='ocrx_word' id='word_1_26' title='bbox 964 574 1198 623; x_wconf 84' lang='lat' dir='ltr'>ferventes</span> <span class='ocrx_word' id='word_1_27' title='bbox 1230 593 1378 642; x_wconf 88' lang='lat' dir='ltr'>aquas</span> <span class='ocrx_word' id='word_1_28' title='bbox 1406 578 1483 626; x_wconf 87' lang='lat' dir='ltr'>vel</span> <span class='ocrx_word' id='word_1_29' title='bbox 1515 596 1635 644; x_wconf 90' lang='lat' dir='ltr'>quas</span> 
     </span>
     <span class='ocr_line' id='line_1_6' title="bbox 213 650 1636 716; baseline 0.005 -17"><span class='ocrx_word' id='word_1_30' title='bbox 213 651 428 713; x_wconf 71' lang='lat' dir='ltr'>invenire</span> <span class='ocrx_word' id='word_1_31' title='bbox 461 659 658 716; x_wconf 82' lang='lat' dir='ltr'>possent</span> <span class='ocrx_word' id='word_1_32' title='bbox 699 650 1044 715; x_wconf 83' lang='lat' dir='ltr'>pinguedines,</span> <span class='ocrx_word' id='word_1_33' title='bbox 1084 669 1307 702; x_wconf 88' lang='lat' dir='ltr'>accensas</span> <span class='ocrx_word' id='word_1_34' title='bbox 1343 655 1543 704; x_wconf 90' lang='lat' dir='ltr'>sundere</span> <span class='ocrx_word' id='word_1_35' title='bbox 1580 675 1636 707; x_wconf 90' lang='lat' dir='ltr'>ac</span> 
     </span>
     <span class='ocr_line' id='line_1_7' title="bbox 214 728 1638 795; baseline 0.005 -19"><span class='ocrx_word' id='word_1_36' title='bbox 214 745 460 795; x_wconf 84' lang='lat' dir='ltr'>spargere,</span> <span class='ocrx_word' id='word_1_37' title='bbox 485 745 575 794; x_wconf 91' lang='lat' dir='ltr'>pro</span> <span class='ocrx_word' id='word_1_38' title='bbox 594 728 690 776; x_wconf 88' lang='lat' dir='ltr'>vita</span> <span class='ocrx_word' id='word_1_39' title='bbox 710 763 722 787; x_wconf 88' lang='lat'>‚</span> <span class='ocrx_word' id='word_1_40' title='bbox 751 745 841 793; x_wconf 90' lang='lat' dir='ltr'>pro</span> <span class='ocrx_word' id='word_1_41' title='bbox 866 728 1017 776; x_wconf 90' lang='lat' dir='ltr'>salute</span> <span class='ocrx_word' id='word_1_42' title='bbox 1040 747 1140 777; x_wconf 91' lang='lat' dir='ltr'>non</span> <span class='ocrx_word' id='word_1_43' title='bbox 1164 733 1369 794; x_wconf 86' lang='lat' dir='ltr'>segniter</span> <span class='ocrx_word' id='word_1_44' title='bbox 1392 732 1638 783; x_wconf 87' lang='lat' dir='ltr'>decertare</span> 
     </span>
     <span class='ocr_line' id='line_1_8' title="bbox 214 806 1637 878; baseline 0.006 -25"><span class='ocrx_word' id='word_1_45' title='bbox 214 823 271 854; x_wconf 88' lang='lat' dir='ltr'>ac</span> <span class='ocrx_word' id='word_1_46' title='bbox 295 806 520 854; x_wconf 88' lang='lat' dir='ltr'>dimicare</span> <span class='ocrx_word' id='word_1_47' title='bbox 538 807 750 871; x_wconf 85' lang='lat' dir='ltr'>(certum</span> <span class='ocrx_word' id='word_1_48' title='bbox 783 807 913 854; x_wconf 84' lang='lat' dir='ltr'>enim</span> <span class='ocrx_word' id='word_1_49' title='bbox 938 818 1040 855; x_wconf 88' lang='lat' dir='ltr'>erat</span> <span class='ocrx_word' id='word_1_50' title='bbox 1067 809 1134 857; x_wconf 88' lang='lat' dir='ltr'>eis</span> <span class='ocrx_word' id='word_1_51' title='bbox 1158 810 1294 858; x_wconf 90' lang='lat' dir='ltr'>victis</span> <span class='ocrx_word' id='word_1_52' title='bbox 1317 829 1417 859; x_wconf 92' lang='lat' dir='ltr'>non</span> <span class='ocrx_word' id='word_1_53' title='bbox 1441 829 1637 878; x_wconf 88' lang='lat' dir='ltr'>speran-</span> 
     </span>
     <span class='ocr_line' id='line_1_9' title="bbox 215 883 1635 955; baseline 0.005 -24"><span class='ocrx_word' id='word_1_54' title='bbox 215 883 328 932; x_wconf 89' lang='lat' dir='ltr'>dam</span> <span class='ocrx_word' id='word_1_55' title='bbox 352 901 453 932; x_wconf 91' lang='lat' dir='ltr'>esse</span> <span class='ocrx_word' id='word_1_56' title='bbox 476 901 566 949; x_wconf 89' lang='lat' dir='ltr'>pro</span> <span class='ocrx_word' id='word_1_57' title='bbox 597 885 801 949; x_wconf 89' lang='lat' dir='ltr'>pecunia</span> <span class='ocrx_word' id='word_1_58' title='bbox 824 885 1206 950; x_wconf 80' lang='lat' dir='ltr'>redemptionem</span> <span class='ocrx_word' id='word_1_59' title='bbox 1225 925 1237 949; x_wconf 97' lang='lat'>,</span> <span class='ocrx_word' id='word_1_60' title='bbox 1264 888 1350 936; x_wconf 90' lang='lat' dir='ltr'>sed</span> <span class='ocrx_word' id='word_1_61' title='bbox 1381 892 1635 955; x_wconf 80' lang='lat' dir='ltr'>mortem),</span> 
     </span>
     <span class='ocr_line' id='line_1_10' title="bbox 215 962 1637 1028; baseline 0.006 -20"><span class='ocrx_word' id='word_1_62' title='bbox 215 978 304 1009; x_wconf 90' lang='lat' dir='ltr'>nec</span> <span class='ocrx_word' id='word_1_63' title='bbox 339 978 430 1027; x_wconf 91' lang='lat' dir='ltr'>pro</span> <span class='ocrx_word' id='word_1_64' title='bbox 465 962 616 1026; x_wconf 87' lang='lat' dir='ltr'>gloria</span> <span class='ocrx_word' id='word_1_65' title='bbox 650 971 755 1008; x_wconf 92' lang='lat' dir='ltr'>uter</span> <span class='ocrx_word' id='word_1_66' title='bbox 793 962 1052 1028; x_wconf 84' lang='lat' dir='ltr'>imperaret</span> <span class='ocrx_word' id='word_1_67' title='bbox 1083 981 1169 1012; x_wconf 91' lang='lat' dir='ltr'>seu</span> <span class='ocrx_word' id='word_1_68' title='bbox 1207 965 1356 1012; x_wconf 87' lang='lat' dir='ltr'>victor</span> <span class='ocrx_word' id='word_1_69' title='bbox 1386 967 1637 1028; x_wconf 88' lang='lat' dir='ltr'>evaderet,</span> 
     </span>
     <span class='ocr_line' id='line_1_11' title="bbox 215 1039 1640 1111; baseline 0.005 -24"><span class='ocrx_word' id='word_1_70' title='bbox 215 1039 300 1087; x_wconf 88' lang='lat' dir='ltr'>sed</span> <span class='ocrx_word' id='word_1_71' title='bbox 317 1049 421 1087; x_wconf 91' lang='lat' dir='ltr'>uter</span> <span class='ocrx_word' id='word_1_72' title='bbox 437 1050 674 1105; x_wconf 89' lang='lat' dir='ltr'>superstes</span> <span class='ocrx_word' id='word_1_73' title='bbox 694 1052 925 1100; x_wconf 89' lang='lat' dir='ltr'>maneret,</span> <span class='ocrx_word' id='word_1_74' title='bbox 948 1042 1199 1090; x_wconf 89' lang='lat' dir='ltr'>imminere</span> <span class='ocrx_word' id='word_1_75' title='bbox 1217 1053 1477 1092; x_wconf 90' lang='lat' dir='ltr'>certamen.</span> <span class='ocrx_word' id='word_1_76' title='bbox 1501 1049 1640 1111; x_wconf 87' lang='lat' dir='ltr'>Atqui</span> 
     </span>
     <span class='ocr_line' id='line_1_12' title="bbox 214 1118 1639 1185; baseline 0.004 -20"><span class='ocrx_word' id='word_1_77' title='bbox 214 1118 431 1185; x_wconf 83' lang='lat' dir='ltr'>profecto</span> <span class='ocrx_word' id='word_1_78' title='bbox 460 1119 616 1183; x_wconf 89' lang='lat' dir='ltr'>jactus</span> <span class='ocrx_word' id='word_1_79' title='bbox 645 1118 723 1166; x_wconf 88' lang='lat' dir='ltr'>ille</span> <span class='ocrx_word' id='word_1_80' title='bbox 749 1119 963 1166; x_wconf 90' lang='lat' dir='ltr'>assiduus</span> <span class='ocrx_word' id='word_1_81' title='bbox 985 1119 1402 1185; x_wconf 86' lang='lat' dir='ltr'>creberrimusque</span> <span class='ocrx_word' id='word_1_82' title='bbox 1425 1123 1639 1172; x_wconf 89' lang='lat' dir='ltr'>colubri-</span> 
     </span>
     <span class='ocr_line' id='line_1_13' title="bbox 216 1198 1642 1266; baseline 0.003 -21"><span class='ocrx_word' id='word_1_83' title='bbox 216 1214 390 1246; x_wconf 88' lang='lat' dir='ltr'>narum</span> <span class='ocrx_word' id='word_1_84' title='bbox 434 1215 489 1245; x_wconf 90' lang='lat' dir='ltr'>ac</span> <span class='ocrx_word' id='word_1_85' title='bbox 529 1198 912 1264; x_wconf 90' lang='lat' dir='ltr'>serpentinarum</span> <span class='ocrx_word' id='word_1_86' title='bbox 952 1199 1076 1245; x_wconf 89' lang='lat' dir='ltr'>vires</span> <span class='ocrx_word' id='word_1_87' title='bbox 1120 1199 1406 1263; x_wconf 89' lang='lat' dir='ltr'>animosque</span> <span class='ocrx_word' id='word_1_88' title='bbox 1439 1202 1642 1266; x_wconf 86' lang='lat' dir='ltr'>Anglicis</span> 
     </span>
     <span class='ocr_line' id='line_1_14' title="bbox 216 1275 1643 1343; baseline 0.003 -21"><span class='ocrx_word' id='word_1_89' title='bbox 216 1275 354 1340; x_wconf 83' lang='lat' dir='ltr'>fregit</span> <span class='ocrx_word' id='word_1_90' title='bbox 376 1285 520 1340; x_wconf 89' lang='lat' dir='ltr'>atque</span> <span class='ocrx_word' id='word_1_91' title='bbox 542 1276 749 1324; x_wconf 87' lang='lat' dir='ltr'>abstulit.</span> <span class='ocrx_word' id='word_1_92' title='bbox 782 1279 903 1324; x_wconf 90' lang='lat' dir='ltr'>Nam</span> <span class='ocrx_word' id='word_1_93' title='bbox 926 1276 1112 1340; x_wconf 90' lang='lat' dir='ltr'>quoties</span> <span class='ocrx_word' id='word_1_94' title='bbox 1136 1293 1261 1335; x_wconf 88' lang='lat' dir='ltr'>sese,</span> <span class='ocrx_word' id='word_1_95' title='bbox 1288 1277 1350 1324; x_wconf 87' lang='lat' dir='ltr'>ad</span> <span class='ocrx_word' id='word_1_96' title='bbox 1370 1279 1643 1343; x_wconf 90' lang='lat' dir='ltr'>propellen-</span> 
     </span>
     <span class='ocr_line' id='line_1_15' title="bbox 217 1353 1643 1422; baseline 0.002 -21"><span class='ocrx_word' id='word_1_97' title='bbox 217 1354 335 1401; x_wconf 90' lang='lat' dir='ltr'>dum</span> <span class='ocrx_word' id='word_1_98' title='bbox 354 1355 437 1419; x_wconf 90' lang='lat' dir='ltr'>qui</span> <span class='ocrx_word' id='word_1_99' title='bbox 456 1354 606 1402; x_wconf 85' lang='lat' dir='ltr'>scalas</span> <span class='ocrx_word' id='word_1_100' title='bbox 628 1353 1036 1413; x_wconf 88' lang='lat' dir='ltr'>conscendebant,</span> <span class='ocrx_word' id='word_1_101' title='bbox 1055 1353 1336 1417; x_wconf 88' lang='lat' dir='ltr'>objicerent,</span> <span class='ocrx_word' id='word_1_102' title='bbox 1359 1364 1457 1402; x_wconf 86' lang='lat' dir='ltr'>tam</span> <span class='ocrx_word' id='word_1_103' title='bbox 1480 1373 1643 1422; x_wconf 85' lang='lat' dir='ltr'>exper-</span> 
     </span>
     <span class='ocr_line' id='line_1_16' title="bbox 220 1431 1643 1497; baseline 0.002 -19"><span class='ocrx_word' id='word_1_104' title='bbox 220 1442 292 1479; x_wconf 89' lang='lat' dir='ltr'>tos</span> <span class='ocrx_word' id='word_1_105' title='bbox 311 1431 436 1480; x_wconf 86' lang='lat' dir='ltr'>illius</span> <span class='ocrx_word' id='word_1_106' title='bbox 458 1433 571 1480; x_wconf 90' lang='lat' dir='ltr'>artis</span> <span class='ocrx_word' id='word_1_107' title='bbox 593 1433 849 1496; x_wconf 88' lang='lat' dir='ltr'>magistros</span> <span class='ocrx_word' id='word_1_108' title='bbox 871 1449 954 1479; x_wconf 85' lang='lat' dir='ltr'>rex</span> <span class='ocrx_word' id='word_1_109' title='bbox 983 1431 1193 1479; x_wconf 88' lang='lat' dir='ltr'>habebat</span> <span class='ocrx_word' id='word_1_110' title='bbox 1210 1470 1222 1493; x_wconf 86' lang='lat'>,</span> <span class='ocrx_word' id='word_1_111' title='bbox 1251 1442 1331 1489; x_wconf 88' lang='lat' dir='ltr'>ut,</span> <span class='ocrx_word' id='word_1_112' title='bbox 1361 1450 1643 1497; x_wconf 86' lang='lat' dir='ltr'>quemcum-</span> 
     </span>
     <span class='ocr_line' id='line_1_17' title="bbox 219 1509 1644 1575; baseline 0.002 -18"><span class='ocrx_word' id='word_1_113' title='bbox 219 1511 379 1574; x_wconf 89' lang='lat' dir='ltr'>quein</span> <span class='ocrx_word' id='word_1_114' title='bbox 403 1528 542 1558; x_wconf 87' lang='lat' dir='ltr'>muro</span> <span class='ocrx_word' id='word_1_115' title='bbox 568 1511 643 1558; x_wconf 89' lang='lat' dir='ltr'>vel</span> <span class='ocrx_word' id='word_1_116' title='bbox 666 1511 786 1558; x_wconf 86' lang='lat' dir='ltr'>turri</span> <span class='ocrx_word' id='word_1_117' title='bbox 811 1509 1058 1557; x_wconf 88' lang='lat' dir='ltr'>advertere</span> <span class='ocrx_word' id='word_1_118' title='bbox 1080 1511 1372 1575; x_wconf 88' lang='lat' dir='ltr'>potuissent,</span> <span class='ocrx_word' id='word_1_119' title='bbox 1395 1511 1522 1559; x_wconf 89' lang='lat' dir='ltr'>illico</span> <span class='ocrx_word' id='word_1_120' title='bbox 1543 1514 1644 1560; x_wconf 86' lang='lat' dir='ltr'>sine</span> 
     </span>
     <span class='ocr_line' id='line_1_18' title="bbox 217 1587 1646 1655; baseline 0.001 -19"><span class='ocrx_word' id='word_1_121' title='bbox 217 1589 432 1637; x_wconf 89' lang='lat' dir='ltr'>remedio</span> <span class='ocrx_word' id='word_1_122' title='bbox 446 1590 578 1653; x_wconf 89' lang='lat' dir='ltr'>jactu</span> <span class='ocrx_word' id='word_1_123' title='bbox 597 1589 768 1654; x_wconf 90' lang='lat' dir='ltr'>lapidis</span> <span class='ocrx_word' id='word_1_124' title='bbox 792 1587 1070 1636; x_wconf 84' lang='lat' dir='ltr'>necabatur.</span> <span class='ocrx_word' id='word_1_125' title='bbox 1099 1587 1358 1636; x_wconf 87' lang='lat' dir='ltr'>Ferebatur</span> <span class='ocrx_word' id='word_1_126' title='bbox 1382 1589 1444 1636; x_wconf 87' lang='lat' dir='ltr'>ab</span> <span class='ocrx_word' id='word_1_127' title='bbox 1465 1589 1539 1637; x_wconf 91' lang='lat' dir='ltr'>his</span> <span class='ocrx_word' id='word_1_128' title='bbox 1561 1591 1646 1655; x_wconf 90' lang='lat' dir='ltr'>qui</span> 
     </span>
     <span class='ocr_line' id='line_1_19' title="bbox 218 1664 1646 1731; baseline 0.001 -17"><span class='ocrx_word' id='word_1_129' title='bbox 218 1683 321 1715; x_wconf 86' lang='lat' dir='ltr'>rem</span> <span class='ocrx_word' id='word_1_130' title='bbox 342 1667 585 1725; x_wconf 83' lang='lat' dir='ltr'>viderant,</span> <span class='ocrx_word' id='word_1_131' title='bbox 604 1666 756 1731; x_wconf 89' lang='lat' dir='ltr'>quod,</span> <span class='ocrx_word' id='word_1_132' title='bbox 784 1683 894 1714; x_wconf 91' lang='lat' dir='ltr'>cum</span> <span class='ocrx_word' id='word_1_133' title='bbox 912 1665 975 1713; x_wconf 94' lang='lat' dir='ltr'>ad</span> <span class='ocrx_word' id='word_1_134' title='bbox 993 1664 1356 1730; x_wconf 90' lang='lat' dir='ltr'>prohibendum</span> <span class='ocrx_word' id='word_1_135' title='bbox 1379 1667 1646 1730; x_wconf 89' lang='lat' dir='ltr'>ingressum</span> 
     </span>
     <span class='ocr_line' id='line_1_20' title="bbox 220 1743 1647 1810; baseline 0.001 -18"><span class='ocrx_word' id='word_1_136' title='bbox 220 1761 389 1793; x_wconf 88' lang='lat' dir='ltr'>eorum</span> <span class='ocrx_word' id='word_1_137' title='bbox 423 1746 506 1810; x_wconf 91' lang='lat' dir='ltr'>qui</span> <span class='ocrx_word' id='word_1_138' title='bbox 530 1745 591 1792; x_wconf 88' lang='lat' dir='ltr'>ad</span> <span class='ocrx_word' id='word_1_139' title='bbox 617 1743 879 1809; x_wconf 90' lang='lat' dir='ltr'>quamdam</span> <span class='ocrx_word' id='word_1_140' title='bbox 906 1743 1243 1791; x_wconf 84' lang='lat' dir='ltr'>validissimam</span> <span class='ocrx_word' id='word_1_141' title='bbox 1272 1745 1446 1792; x_wconf 88' lang='lat' dir='ltr'>turrim</span> <span class='ocrx_word' id='word_1_142' title='bbox 1479 1762 1647 1793; x_wconf 90' lang='lat' dir='ltr'>ascen-</span> 
     </span>
     <span class='ocr_line' id='line_1_21' title="bbox 219 1820 1648 1886; baseline -0.001 -15"><span class='ocrx_word' id='word_1_143' title='bbox 219 1822 418 1884; x_wconf 88' lang='lat' dir='ltr'>debant,</span> <span class='ocrx_word' id='word_1_144' title='bbox 441 1822 504 1870; x_wconf 89' lang='lat' dir='ltr'>ad</span> <span class='ocrx_word' id='word_1_145' title='bbox 527 1823 761 1884; x_wconf 84' lang='lat' dir='ltr'>foramen,</span> <span class='ocrx_word' id='word_1_146' title='bbox 788 1838 884 1885; x_wconf 89' lang='lat' dir='ltr'>qua</span> <span class='ocrx_word' id='word_1_147' title='bbox 902 1820 1202 1884; x_wconf 86' lang='lat' dir='ltr'>ingrediendi</span> <span class='ocrx_word' id='word_1_148' title='bbox 1221 1821 1299 1868; x_wconf 85' lang='lat' dir='ltr'>via</span> <span class='ocrx_word' id='word_1_149' title='bbox 1319 1821 1529 1886; x_wconf 89' lang='lat' dir='ltr'>patebat,</span> <span class='ocrx_word' id='word_1_150' title='bbox 1556 1827 1648 1870; x_wconf 92' lang='lat' dir='ltr'>An-</span> 
     </span>
     <span class='ocr_line' id='line_1_22' title="bbox 221 1898 1647 1966; baseline -0.001 -17"><span class='ocrx_word' id='word_1_151' title='bbox 221 1902 329 1966; x_wconf 87' lang='lat' dir='ltr'>glici</span> <span class='ocrx_word' id='word_1_152' title='bbox 362 1917 515 1966; x_wconf 90' lang='lat' dir='ltr'>usque</span> <span class='ocrx_word' id='word_1_153' title='bbox 551 1900 615 1948; x_wconf 91' lang='lat' dir='ltr'>ad</span> <span class='ocrx_word' id='word_1_154' title='bbox 656 1916 915 1947; x_wconf 89' lang='lat' dir='ltr'>numerum</span> <span class='ocrx_word' id='word_1_155' title='bbox 951 1898 1216 1960; x_wconf 84' lang='lat' dir='ltr'>sexdecim,</span> <span class='ocrx_word' id='word_1_156' title='bbox 1257 1916 1316 1946; x_wconf 92' lang='lat' dir='ltr'>eo</span> <span class='ocrx_word' id='word_1_157' title='bbox 1352 1900 1518 1965; x_wconf 88' lang='lat' dir='ltr'>quod¹</span> <span class='ocrx_word' id='word_1_158' title='bbox 1552 1901 1647 1948; x_wconf 91' lang='lat' dir='ltr'>illic</span> 
     </span>
     <span class='ocr_line' id='line_1_23' title="bbox 221 1975 1647 2044; baseline -0.001 -17"><span class='ocrx_word' id='word_1_159' title='bbox 221 1979 428 2027; x_wconf 88' lang='lat' dir='ltr'>maxime</span> <span class='ocrx_word' id='word_1_160' title='bbox 453 1977 721 2044; x_wconf 90' lang='lat' dir='ltr'>periculum</span> <span class='ocrx_word' id='word_1_161' title='bbox 740 1993 946 2042; x_wconf 83' lang='lat' dir='ltr'>praesens</span> <span class='ocrx_word' id='word_1_162' title='bbox 965 1992 1065 2023; x_wconf 90' lang='lat' dir='ltr'>esse</span> <span class='ocrx_word' id='word_1_163' title='bbox 1084 1975 1363 2035; x_wconf 88' lang='lat' dir='ltr'>cernebant,</span> <span class='ocrx_word' id='word_1_164' title='bbox 1387 1979 1647 2026; x_wconf 90' lang='lat' dir='ltr'>successive</span> 
     </span>
     <span class='ocr_line' id='line_1_24' title="bbox 222 2055 1648 2123; baseline -0.002 -17"><span class='ocrx_word' id='word_1_165' title='bbox 222 2074 347 2106; x_wconf 89' lang='lat' dir='ltr'>unus</span> <span class='ocrx_word' id='word_1_166' title='bbox 370 2066 480 2123; x_wconf 89' lang='lat' dir='ltr'>post</span> <span class='ocrx_word' id='word_1_167' title='bbox 507 2056 707 2104; x_wconf 79' lang='lat' dir='ltr'>alterum</span> <span class='ocrx_word' id='word_1_168' title='bbox 734 2055 1070 2114; x_wconf 89' lang='lat' dir='ltr'>accurrissent,</span> <span class='ocrx_word' id='word_1_169' title='bbox 1103 2070 1271 2102; x_wconf 91' lang='lat' dir='ltr'>omnes</span> <span class='ocrx_word' id='word_1_170' title='bbox 1299 2056 1516 2120; x_wconf 88' lang='lat' dir='ltr'>lapidum</span> <span class='ocrx_word' id='word_1_171' title='bbox 1542 2057 1648 2103; x_wconf 88' lang='lat' dir='ltr'>icti-</span> 
     </span>
     <span class='ocr_line' id='line_1_25' title="bbox 223 2133 1648 2201; baseline -0.001 -18"><span class='ocrx_word' id='word_1_172' title='bbox 223 2136 314 2184; x_wconf 91' lang='lat' dir='ltr'>bus</span> <span class='ocrx_word' id='word_1_173' title='bbox 340 2135 484 2183; x_wconf 85' lang='lat' dir='ltr'>fuisse</span> <span class='ocrx_word' id='word_1_174' title='bbox 515 2151 767 2201; x_wconf 89' lang='lat' dir='ltr'>percussos</span> <span class='ocrx_word' id='word_1_175' title='bbox 787 2133 1121 2198; x_wconf 83' lang='lat' dir='ltr'>dejectosque3</span> <span class='ocrx_word' id='word_1_176' title='bbox 1150 2151 1272 2198; x_wconf 84' lang='lat' dir='ltr'>quos</span> <span class='ocrx_word' id='word_1_177' title='bbox 1302 2144 1349 2182; x_wconf 90' lang='lat' dir='ltr'>et</span> <span class='ocrx_word' id='word_1_178' title='bbox 1372 2137 1541 2184; x_wconf 89' lang='lat' dir='ltr'>Franci</span> <span class='ocrx_word' id='word_1_179' title='bbox 1576 2137 1648 2182; x_wconf 91' lang='lat' dir='ltr'>in-</span> 
     </span>
     <span class='ocr_line' id='line_1_26' title="bbox 224 2216 1645 2284; baseline 0 -19"><span class='ocrx_word' id='word_1_180' title='bbox 224 2216 490 2284; x_wconf 86' lang='lat' dir='ltr'>gredientes</span> <span class='ocrx_word' id='word_1_181' title='bbox 523 2216 619 2264; x_wconf 90' lang='lat' dir='ltr'>illic</span> <span class='ocrx_word' id='word_1_182' title='bbox 644 2217 692 2263; x_wconf 92' lang='lat' dir='ltr'>in</span> <span class='ocrx_word' id='word_1_183' title='bbox 717 2232 816 2263; x_wconf 93' lang='lat' dir='ltr'>uno</span> <span class='ocrx_word' id='word_1_184' title='bbox 839 2232 1010 2263; x_wconf 89' lang='lat' dir='ltr'>acervo</span> <span class='ocrx_word' id='word_1_185' title='bbox 1042 2225 1309 2280; x_wconf 90' lang='lat' dir='ltr'>prostratos</span> <span class='ocrx_word' id='word_1_186' title='bbox 1335 2217 1645 2283; x_wconf 89' lang='lat' dir='ltr'>jacentesque</span> 
     </span>
     <span class='ocr_line' id='line_1_27' title="bbox 226 2297 528 2344; baseline -0.007 0"><span class='ocrx_word' id='word_1_187' title='bbox 226 2297 528 2344; x_wconf 86' lang='lat' dir='ltr'>invenerunt.</span> 
     </span>
    </p>

    <p class='ocr_par' dir='ltr' id='par_1_4' title="bbox 230 2373 1652 2752">
     <span class='ocr_line' id='line_1_28' title="bbox 293 2373 1648 2439; baseline 0.001 -19"><span class='ocrx_word' id='word_1_188' title='bbox 293 2373 353 2420; x_wconf 82' lang='lat' dir='ltr'>Vi</span> <span class='ocrx_word' id='word_1_189' title='bbox 369 2373 510 2437; x_wconf 88' lang='lat' dir='ltr'>igitur</span> <span class='ocrx_word' id='word_1_190' title='bbox 526 2375 918 2438; x_wconf 90' lang='lat' dir='ltr'>Francorumque</span> <span class='ocrx_word' id='word_1_191' title='bbox 939 2373 1241 2421; x_wconf 87' lang='lat' dir='ltr'>animositate</span> <span class='ocrx_word' id='word_1_192' title='bbox 1264 2373 1393 2421; x_wconf 88' lang='lat' dir='ltr'>caesis</span> <span class='ocrx_word' id='word_1_193' title='bbox 1405 2373 1648 2439; x_wconf 89' lang='lat' dir='ltr'>pulsisque</span> 
     </span>
     <span class='ocr_line' id='line_1_29' title="bbox 230 2450 1648 2521; baseline 0.001 -22"><span class='ocrx_word' id='word_1_194' title='bbox 230 2451 291 2499; x_wconf 91' lang='lat' dir='ltr'>de</span> <span class='ocrx_word' id='word_1_195' title='bbox 312 2450 461 2498; x_wconf 89' lang='lat' dir='ltr'>muris</span> <span class='ocrx_word' id='word_1_196' title='bbox 485 2450 667 2515; x_wconf 83' lang='lat' dir='ltr'>Anglis,</span> <span class='ocrx_word' id='word_1_197' title='bbox 693 2467 777 2498; x_wconf 80' lang='lat' dir='ltr'>rex</span> <span class='ocrx_word' id='word_1_198' title='bbox 799 2452 900 2521; x_wconf 90' lang='lat' dir='ltr'>ipse</span> <span class='ocrx_word' id='word_1_199' title='bbox 934 2461 981 2498; x_wconf 92' lang='lat' dir='ltr'>et</span> <span class='ocrx_word' id='word_1_200' title='bbox 1015 2451 1089 2498; x_wconf 89' lang='lat' dir='ltr'>sui</span> <span class='ocrx_word' id='word_1_201' title='bbox 1116 2450 1287 2498; x_wconf 90' lang='lat' dir='ltr'>milites</span> <span class='ocrx_word' id='word_1_202' title='bbox 1323 2468 1410 2517; x_wconf 92' lang='lat' dir='ltr'>per</span> <span class='ocrx_word' id='word_1_203' title='bbox 1454 2469 1648 2500; x_wconf 88' lang='lat' dir='ltr'>murum</span> 
     </span>
     <span class='ocr_line' id='line_1_30' title="bbox 231 2528 1649 2595; baseline -0.001 -17"><span class='ocrx_word' id='word_1_204' title='bbox 231 2528 607 2578; x_wconf 89' lang='lat' dir='ltr'>conscendentes</span> <span class='ocrx_word' id='word_1_205' title='bbox 626 2566 639 2589; x_wconf 94' lang='lat'>,</span> <span class='ocrx_word' id='word_1_206' title='bbox 664 2529 899 2595; x_wconf 90' lang='lat' dir='ltr'>oppidum</span> <span class='ocrx_word' id='word_1_207' title='bbox 930 2530 1087 2595; x_wconf 91' lang='lat' dir='ltr'>ipsum</span> <span class='ocrx_word' id='word_1_208' title='bbox 1115 2530 1182 2577; x_wconf 85' lang='lat' dir='ltr'>ita</span> <span class='ocrx_word' id='word_1_209' title='bbox 1215 2540 1539 2594; x_wconf 86' lang='lat' dir='ltr'>expugnatum</span> <span class='ocrx_word' id='word_1_210' title='bbox 1571 2548 1649 2577; x_wconf 89' lang='lat' dir='ltr'>ce-</span> 
     </span>
     <span class='ocr_line' id='line_1_31' title="bbox 233 2607 1651 2675; baseline 0 -19"><span class='ocrx_word' id='word_1_211' title='bbox 233 2617 423 2675; x_wconf 88' lang='lat' dir='ltr'>perunt.</span> <span class='ocrx_word' id='word_1_212' title='bbox 477 2607 621 2666; x_wconf 89' lang='lat' dir='ltr'>Quod</span> <span class='ocrx_word' id='word_1_213' title='bbox 672 2625 783 2656; x_wconf 90' lang='lat' dir='ltr'>cum</span> <span class='ocrx_word' id='word_1_214' title='bbox 828 2608 1020 2672; x_wconf 85' lang='lat' dir='ltr'>ingressi</span> <span class='ocrx_word' id='word_1_215' title='bbox 1070 2617 1227 2655; x_wconf 89' lang='lat' dir='ltr'>essent</span> <span class='ocrx_word' id='word_1_216' title='bbox 1250 2646 1262 2669; x_wconf 94' lang='lat'>,</span> <span class='ocrx_word' id='word_1_217' title='bbox 1320 2625 1651 2672; x_wconf 90' lang='lat' dir='ltr'>quoscumque</span> 
     </span>
     <span class='ocr_line' id='line_1_32' title="bbox 236 2685 1652 2752; baseline -0.001 -17"><span class='ocrx_word' id='word_1_218' title='bbox 236 2685 497 2752; x_wconf 85' lang='lat' dir='ltr'>Anglorum</span> <span class='ocrx_word' id='word_1_219' title='bbox 529 2685 744 2735; x_wconf 82' lang='lat' dir='ltr'>invenire</span> <span class='ocrx_word' id='word_1_220' title='bbox 774 2687 1062 2752; x_wconf 90' lang='lat' dir='ltr'>potuissent,</span> <span class='ocrx_word' id='word_1_221' title='bbox 1113 2685 1295 2750; x_wconf 91' lang='lat' dir='ltr'>absque</span> <span class='ocrx_word' id='word_1_222' title='bbox 1328 2685 1652 2734; x_wconf 86' lang='lat' dir='ltr'>misericordia</span> 
     </span>
    </p>
   </div>
   <div class='ocr_carea' id='block_1_4' title="bbox 293 2834 1467 2945">
    <p class='ocr_par' dir='ltr' id='par_1_5' title="bbox 293 2834 1467 2945">
     <span class='ocr_line' id='line_1_33' title="bbox 293 2834 1250 2887; baseline -0.003 -12"><span class='ocrx_word' id='word_1_223' title='bbox 293 2838 329 2875; x_wconf 84' lang='lat'>1.</span> <span class='ocrx_word' id='word_1_224' title='bbox 361 2838 466 2874; x_wconf 85' lang='lat' dir='ltr'>Dans</span> <span class='ocrx_word' id='word_1_225' title='bbox 484 2834 521 2873; x_wconf 86' lang='lat' dir='ltr'>le</span> <span class='ocrx_word' id='word_1_226' title='bbox 542 2835 767 2886; x_wconf 86' lang='lat' dir='ltr'>manuscrit,</span> <span class='ocrx_word' id='word_1_227' title='bbox 789 2839 978 2874; x_wconf 78' lang='lat' dir='ltr'>sexdecim</span> <span class='ocrx_word' id='word_1_228' title='bbox 993 2841 1061 2887; x_wconf 81' lang='lat' dir='ltr'>qui</span> <span class='ocrx_word' id='word_1_229' title='bbox 1075 2850 1117 2874; x_wconf 82' lang='lat' dir='ltr'>eo</span> <span class='ocrx_word' id='word_1_230' title='bbox 1137 2837 1250 2886; x_wconf 77' lang='lat' dir='ltr'>quod,</span> 
     </span>
     <span class='ocr_line' id='line_1_34' title="bbox 344 2906 1467 2945; baseline -0.002 0"><span class='ocrx_word' id='word_1_231' title='bbox 344 2923 358 2945; x_wconf 94' lang='lat'>1</span> <span class='ocrx_word' id='word_1_232' title='bbox 1418 2906 1467 2944; x_wconf 85' lang='lat'>10</span> 
     </span>
    </p>
   </div>
  </div>
 </body>
</html>
