<?xml version="1.0" encoding="UTF-8"?>
<!DOCTYPE html PUBLIC "-//W3C//DTD XHTML 1.0 Transitional//EN"
    "http://www.w3.org/TR/xhtml1/DTD/xhtml1-transitional.dtd">
<html xmlns="http://www.w3.org/1999/xhtml" xml:lang="en" lang="en">
 <head>
  <title>
</title>
<meta http-equiv="Content-Type" content="text/html;charset=utf-8" />
  <meta name='ocr-system' content='tesseract 3.04.00' />
  <meta name='ocr-capabilities' content='ocr_page ocr_carea ocr_par ocr_line ocrx_word'/>
</head>
<body>
  <div class='ocr_page' id='page_1' title='image "./histoiredesrgn01basiuoft_0322.png"; bbox 0 0 2086 3528; ppageno 0'>
   <div class='ocr_carea' id='block_1_1' title="bbox 518 344 1550 387">
    <p class='ocr_par' dir='ltr' id='par_1_1' title="bbox 518 344 1550 387">
     <span class='ocr_line' id='line_1_1' title="bbox 518 344 1550 387; baseline -0.002 -4"><span class='ocrx_word' id='word_1_1' title='bbox 518 348 595 387; x_wconf 78' lang='lat'><strong>148</strong></span> <span class='ocrx_word' id='word_1_2' title='bbox 903 344 1244 383; x_wconf 86' lang='lat' dir='ltr'>HISTORIARUM</span> <span class='ocrx_word' id='word_1_3' title='bbox 1270 344 1451 383; x_wconf 85' lang='lat' dir='ltr'><strong>CAROLI</strong></span> <span class='ocrx_word' id='word_1_4' title='bbox 1478 346 1550 382; x_wconf 87' lang='lat' dir='ltr'><strong>V11</strong></span> 
     </span>
    </p>
   </div>
   <div class='ocr_carea' id='block_1_2' title="bbox 509 426 1944 2599">
    <p class='ocr_par' dir='ltr' id='par_1_2' title="bbox 509 426 1938 1103">
     <span class='ocr_line' id='line_1_2' title="bbox 513 426 1930 490; baseline 0.001 -15"><span class='ocrx_word' id='word_1_5' title='bbox 513 426 696 475; x_wconf 89' lang='lat' dir='ltr'><strong>toribus</strong></span> <span class='ocrx_word' id='word_1_6' title='bbox 723 427 805 490; x_wconf 92' lang='lat' dir='ltr'><strong>qui</strong></span> <span class='ocrx_word' id='word_1_7' title='bbox 829 441 971 490; x_wconf 88' lang='lat' dir='ltr'><strong>supra</strong></span> <span class='ocrx_word' id='word_1_8' title='bbox 1002 442 1194 472; x_wconf 90' lang='lat' dir='ltr'><strong>murum</strong></span> <span class='ocrx_word' id='word_1_9' title='bbox 1222 426 1474 474; x_wconf 86' lang='lat' dir='ltr'>adstabant</span> <span class='ocrx_word' id='word_1_10' title='bbox 1492 464 1504 488; x_wconf 85' lang='lat'>,</span> <span class='ocrx_word' id='word_1_11' title='bbox 1538 426 1742 475; x_wconf 89' lang='lat' dir='ltr'><strong>admotis</strong></span> <span class='ocrx_word' id='word_1_12' title='bbox 1765 428 1930 488; x_wconf 80' lang='lat' dir='ltr'><strong>scalis,</strong></span> 
     </span>
     <span class='ocr_line' id='line_1_3' title="bbox 515 501 1935 567; baseline 0.002 -15"><span class='ocrx_word' id='word_1_13' title='bbox 515 521 707 552; x_wconf 88' lang='lat' dir='ltr'><strong>murum</strong></span> <span class='ocrx_word' id='word_1_14' title='bbox 725 501 1068 550; x_wconf 84' lang='lat' dir='ltr'>conscenderet</span> <span class='ocrx_word' id='word_1_15' title='bbox 1090 518 1176 567; x_wconf 86' lang='lat' dir='ltr'><strong>per</strong></span> <span class='ocrx_word' id='word_1_16' title='bbox 1198 511 1320 551; x_wconf 90' lang='lat' dir='ltr'><strong>atras</strong></span> <span class='ocrx_word' id='word_1_17' title='bbox 1342 504 1497 552; x_wconf 91' lang='lat' dir='ltr'><strong>noctis</strong></span> <span class='ocrx_word' id='word_1_18' title='bbox 1520 504 1739 552; x_wconf 83' lang='lat' dir='ltr'><strong>tenebras</strong></span> <span class='ocrx_word' id='word_1_19' title='bbox 1757 543 1770 567; x_wconf 93' lang='lat'>,</span> <span class='ocrx_word' id='word_1_20' title='bbox 1796 516 1845 554; x_wconf 86' lang='lat' dir='ltr'><strong>et</strong></span> <span class='ocrx_word' id='word_1_21' title='bbox 1868 507 1935 556; x_wconf 88' lang='lat' dir='ltr'><strong>sic</strong></span> 
     </span>
     <span class='ocr_line' id='line_1_4' title="bbox 512 580 1932 647; baseline 0.001 -18"><span class='ocrx_word' id='word_1_22' title='bbox 512 582 700 630; x_wconf 87' lang='lat' dir='ltr'><strong>civitate</strong></span> <span class='ocrx_word' id='word_1_23' title='bbox 739 580 1005 645; x_wconf 88' lang='lat' dir='ltr'><strong>potiretur¹.</strong></span> <span class='ocrx_word' id='word_1_24' title='bbox 1041 581 1164 637; x_wconf 62' lang='lat' dir='ltr'><strong>Quae,</strong></span> <span class='ocrx_word' id='word_1_25' title='bbox 1179 596 1254 627; x_wconf 88' lang='lat' dir='ltr'><strong>res</strong></span> <span class='ocrx_word' id='word_1_26' title='bbox 1288 590 1335 627; x_wconf 88' lang='lat' dir='ltr'><strong>et</strong></span> <span class='ocrx_word' id='word_1_27' title='bbox 1370 582 1560 630; x_wconf 87' lang='lat' dir='ltr'><strong>Francis</strong></span> <span class='ocrx_word' id='word_1_28' title='bbox 1599 582 1846 647; x_wconf 87' lang='lat' dir='ltr'><strong>perutilis,</strong></span> <span class='ocrx_word' id='word_1_29' title='bbox 1885 593 1932 631; x_wconf 87' lang='lat' dir='ltr'><strong>et</strong></span> 
     </span>
     <span class='ocr_line' id='line_1_5' title="bbox 513 658 1936 728; baseline 0.001 -21"><span class='ocrx_word' id='word_1_30' title='bbox 513 659 779 723; x_wconf 83' lang='lat' dir='ltr'><strong>Anglicanis</strong></span> <span class='ocrx_word' id='word_1_31' title='bbox 794 658 934 705; x_wconf 88' lang='lat' dir='ltr'><strong>rebus</strong></span> <span class='ocrx_word' id='word_1_32' title='bbox 950 674 1048 706; x_wconf 91' lang='lat' dir='ltr'><strong>non</strong></span> <span class='ocrx_word' id='word_1_33' title='bbox 1065 674 1234 722; x_wconf 89' lang='lat' dir='ltr'><strong>parum</strong></span> <span class='ocrx_word' id='word_1_34' title='bbox 1247 658 1477 708; x_wconf 90' lang='lat' dir='ltr'><strong>damnosa</strong></span> <span class='ocrx_word' id='word_1_35' title='bbox 1491 661 1680 708; x_wconf 81' lang='lat' dir='ltr'><strong>exstitit.</strong></span> <span class='ocrx_word' id='word_1_36' title='bbox 1699 663 1787 707; x_wconf 90' lang='lat' dir='ltr'><strong>Per</strong></span> <span class='ocrx_word' id='word_1_37' title='bbox 1806 677 1936 728; x_wconf 80' lang='lat' dir='ltr'><strong>cam-</strong></span> 
     </span>
     <span class='ocr_line' id='line_1_6' title="bbox 512 737 1936 803; baseline 0 -16"><span class='ocrx_word' id='word_1_38' title='bbox 512 740 624 787; x_wconf 86' lang='lat' dir='ltr'><strong>dem</strong></span> <span class='ocrx_word' id='word_1_39' title='bbox 648 739 778 785; x_wconf 89' lang='lat' dir='ltr'><strong>enim</strong></span> <span class='ocrx_word' id='word_1_40' title='bbox 800 738 1036 785; x_wconf 88' lang='lat' dir='ltr'><strong>civitatem</strong></span> <span class='ocrx_word' id='word_1_41' title='bbox 1054 737 1183 784; x_wconf 87' lang='lat' dir='ltr'><strong>idem</strong></span> <span class='ocrx_word' id='word_1_42' title='bbox 1199 740 1244 784; x_wconf 87' lang='lat' dir='ltr'><em>F</em></span> <span class='ocrx_word' id='word_1_43' title='bbox 1242 737 1441 803; x_wconf 80' lang='lat' dir='ltr'><strong>loeqaet,</strong></span> <span class='ocrx_word' id='word_1_44' title='bbox 1469 738 1587 787; x_wconf 86' lang='lat' dir='ltr'><strong>fines</strong></span> <span class='ocrx_word' id='word_1_45' title='bbox 1609 755 1721 787; x_wconf 92' lang='lat' dir='ltr'><strong>suos</strong></span> <span class='ocrx_word' id='word_1_46' title='bbox 1738 739 1936 788; x_wconf 83' lang='lat' dir='ltr'><strong>studens</strong></span> 
     </span>
     <span class='ocr_line' id='line_1_7' title="bbox 512 805 1935 884; baseline 0.001 -18"><span class='ocrx_word' id='word_1_47' title='bbox 512 834 699 883; x_wconf 85' lang='lat' dir='ltr'><strong>semper</strong></span> <span class='ocrx_word' id='word_1_48' title='bbox 735 833 999 883; x_wconf 84' lang='lat' dir='ltr'><strong>propagare</strong></span> <span class='ocrx_word' id='word_1_49' title='bbox 1031 826 1078 863; x_wconf 85' lang='lat' dir='ltr'><strong>et</strong></span> <span class='ocrx_word' id='word_1_50' title='bbox 1109 816 1336 881; x_wconf 85' lang='lat' dir='ltr'><strong>ampliare</strong></span> <span class='ocrx_word' id='word_1_51' title='bbox 1354 854 1366 878; x_wconf 88' lang='lat'>‚</span> <span class='ocrx_word' id='word_1_52' title='bbox 1405 818 1548 882; x_wconf 84' lang='lat' dir='ltr'><strong>paulo</strong></span> <span class='ocrx_word' id='word_1_53' title='bbox 1578 829 1689 884; x_wconf 86' lang='lat' dir='ltr'><strong>post</strong></span> <span class='ocrx_word' id='word_1_54' title='bbox 1727 805 1935 867; x_wconf 87' lang='lat' dir='ltr'><strong>castrum</strong></span> 
     </span>
     <span class='ocr_line' id='line_1_8' title="bbox 511 897 1938 963; baseline 0.001 -16"><span class='ocrx_word' id='word_1_55' title='bbox 511 900 632 947; x_wconf 88' lang='lat' dir='ltr'><strong>Novi</strong></span> <span class='ocrx_word' id='word_1_56' title='bbox 654 899 811 963; x_wconf 83' lang='lat' dir='ltr'><strong>Burgi²</strong></span> <span class='ocrx_word' id='word_1_57' title='bbox 831 898 1096 962; x_wconf 86' lang='lat' dir='ltr'><strong>acquisivit,</strong></span> <span class='ocrx_word' id='word_1_58' title='bbox 1112 914 1284 962; x_wconf 85' lang='lat' dir='ltr'><strong>magna</strong></span> <span class='ocrx_word' id='word_1_59' title='bbox 1310 897 1391 946; x_wconf 91' lang='lat' dir='ltr'><strong>illa</strong></span> <span class='ocrx_word' id='word_1_60' title='bbox 1405 899 1788 963; x_wconf 78' lang='lat' dir='ltr'><strong>circumjacentia</strong></span> <span class='ocrx_word' id='word_1_61' title='bbox 1807 917 1938 949; x_wconf 91' lang='lat' dir='ltr'><strong>cam-</strong></span> 
     </span>
     <span class='ocr_line' id='line_1_9' title="bbox 510 976 1937 1044; baseline 0.002 -21"><span class='ocrx_word' id='word_1_62' title='bbox 510 978 683 1043; x_wconf 88' lang='lat' dir='ltr'><strong>pestria</strong></span> <span class='ocrx_word' id='word_1_63' title='bbox 705 987 752 1024; x_wconf 87' lang='lat' dir='ltr'><strong>et</strong></span> <span class='ocrx_word' id='word_1_64' title='bbox 786 993 924 1040; x_wconf 87' lang='lat' dir='ltr'><strong>agros</strong></span> <span class='ocrx_word' id='word_1_65' title='bbox 960 976 1149 1041; x_wconf 89' lang='lat' dir='ltr'><strong>opimos</strong></span> <span class='ocrx_word' id='word_1_66' title='bbox 1182 976 1354 1024; x_wconf 89' lang='lat' dir='ltr'><strong>ditioni</strong></span> <span class='ocrx_word' id='word_1_67' title='bbox 1387 979 1687 1024; x_wconf 84' lang='lat' dir='ltr'><strong>Francorum</strong></span> <span class='ocrx_word' id='word_1_68' title='bbox 1718 995 1806 1044; x_wconf 88' lang='lat' dir='ltr'><strong>per</strong></span> <span class='ocrx_word' id='word_1_69' title='bbox 1838 978 1937 1027; x_wconf 94' lang='lat' dir='ltr'><strong>hoc</strong></span> 
     </span>
     <span class='ocr_line' id='line_1_10' title="bbox 509 1056 787 1103; baseline 0.004 -3"><span class='ocrx_word' id='word_1_70' title='bbox 509 1056 787 1103; x_wconf 87' lang='lat' dir='ltr'><strong>restituens.</strong></span> 
     </span>
    </p>

    <p class='ocr_par' dir='ltr' id='par_1_3' title="bbox 509 1132 1944 2599">
     <span class='ocr_line' id='line_1_11' title="bbox 575 1132 1933 1198; baseline 0.002 -19"><span class='ocrx_word' id='word_1_71' title='bbox 575 1134 802 1198; x_wconf 75' lang='lat' dir='ltr'><strong>Sequenti</strong></span> <span class='ocrx_word' id='word_1_72' title='bbox 825 1143 985 1181; x_wconf 89' lang='lat' dir='ltr'><strong>autem</strong></span> <span class='ocrx_word' id='word_1_73' title='bbox 1002 1136 1170 1194; x_wconf 78' lang='lat' dir='ltr'><strong>anno³‚</strong></span> <span class='ocrx_word' id='word_1_74' title='bbox 1192 1137 1486 1182; x_wconf 87' lang='lat' dir='ltr'><strong>Francorum</strong></span> <span class='ocrx_word' id='word_1_75' title='bbox 1510 1133 1704 1198; x_wconf 88' lang='lat' dir='ltr'><strong>quidam</strong></span> <span class='ocrx_word' id='word_1_76' title='bbox 1734 1132 1859 1182; x_wconf 90' lang='lat' dir='ltr'><strong>duce</strong></span> <span class='ocrx_word' id='word_1_77' title='bbox 1879 1151 1901 1182; x_wconf 92' lang='lat' dir='ltr'><strong>s</strong></span> <span class='ocrx_word' id='word_1_78' title='bbox 1921 1171 1933 1195; x_wconf 90' lang='lat'>,</span> 
     </span>
     <span class='ocr_line' id='line_1_12' title="bbox 509 1212 1938 1279; baseline -0.001 -19"><span class='ocrx_word' id='word_1_79' title='bbox 509 1214 592 1277; x_wconf 92' lang='lat' dir='ltr'><strong>qui</strong></span> <span class='ocrx_word' id='word_1_80' title='bbox 615 1213 676 1260; x_wconf 92' lang='lat' dir='ltr'><strong>ad</strong></span> <span class='ocrx_word' id='word_1_81' title='bbox 699 1214 923 1261; x_wconf 89' lang='lat' dir='ltr'><strong>tutandos</strong></span> <span class='ocrx_word' id='word_1_82' title='bbox 947 1214 1207 1279; x_wconf 62' lang='lat' dir='ltr'><strong>Aquitaniae</strong></span> <span class='ocrx_word' id='word_1_83' title='bbox 1230 1213 1348 1261; x_wconf 87' lang='lat' dir='ltr'><strong>fines</strong></span> <span class='ocrx_word' id='word_1_84' title='bbox 1377 1223 1546 1261; x_wconf 91' lang='lat' dir='ltr'><strong>contra</strong></span> <span class='ocrx_word' id='word_1_85' title='bbox 1564 1212 1746 1277; x_wconf 88' lang='lat' dir='ltr'><strong>Anglos</strong></span> <span class='ocrx_word' id='word_1_86' title='bbox 1773 1214 1858 1277; x_wconf 90' lang='lat' dir='ltr'><strong>qui</strong></span> <span class='ocrx_word' id='word_1_87' title='bbox 1885 1213 1938 1260; x_wconf 90' lang='lat' dir='ltr'><strong>in</strong></span> 
     </span>
     <span class='ocr_line' id='line_1_13' title="bbox 509 1292 1941 1356; baseline -0.001 -17"><span class='ocrx_word' id='word_1_88' title='bbox 509 1293 743 1339; x_wconf 88' lang='lat' dir='ltr'><strong>Vasconia</strong></span> <span class='ocrx_word' id='word_1_89' title='bbox 778 1301 912 1340; x_wconf 90' lang='lat' dir='ltr'><strong>erant</strong></span> <span class='ocrx_word' id='word_1_90' title='bbox 928 1328 941 1351; x_wconf 91' lang='lat'>‚</span> <span class='ocrx_word' id='word_1_91' title='bbox 995 1302 1042 1339; x_wconf 85' lang='lat' dir='ltr'><strong>et</strong></span> <span class='ocrx_word' id='word_1_92' title='bbox 1079 1292 1174 1340; x_wconf 93' lang='lat' dir='ltr'><strong>illic</strong></span> <span class='ocrx_word' id='word_1_93' title='bbox 1214 1293 1527 1356; x_wconf 86' lang='lat' dir='ltr'><strong>Burdegalam</strong></span> <span class='ocrx_word' id='word_1_94' title='bbox 1543 1330 1555 1353; x_wconf 87' lang='lat'><strong><em>,</em></strong></span> <span class='ocrx_word' id='word_1_95' title='bbox 1600 1295 1852 1356; x_wconf 89' lang='lat' dir='ltr'><strong>Bayonam</strong></span> <span class='ocrx_word' id='word_1_96' title='bbox 1892 1300 1941 1340; x_wconf 88' lang='lat' dir='ltr'><strong>et</strong></span> 
     </span>
     <span class='ocr_line' id='line_1_14' title="bbox 511 1369 1942 1436; baseline 0 -20"><span class='ocrx_word' id='word_1_97' title='bbox 511 1369 769 1417; x_wconf 87' lang='lat' dir='ltr'><strong>nonnullas</strong></span> <span class='ocrx_word' id='word_1_98' title='bbox 799 1369 911 1417; x_wconf 83' lang='lat' dir='ltr'><strong>alias</strong></span> <span class='ocrx_word' id='word_1_99' title='bbox 933 1370 1140 1418; x_wconf 87' lang='lat' dir='ltr'><strong>civitates</strong></span> <span class='ocrx_word' id='word_1_100' title='bbox 1163 1381 1210 1419; x_wconf 88' lang='lat' dir='ltr'><strong>et</strong></span> <span class='ocrx_word' id='word_1_101' title='bbox 1232 1371 1412 1436; x_wconf 87' lang='lat' dir='ltr'><strong>oppida</strong></span> <span class='ocrx_word' id='word_1_102' title='bbox 1434 1370 1663 1418; x_wconf 88' lang='lat' dir='ltr'><strong>tenebant</strong></span> <span class='ocrx_word' id='word_1_103' title='bbox 1690 1407 1702 1430; x_wconf 88' lang='lat'><strong><em>‚</em></strong></span> <span class='ocrx_word' id='word_1_104' title='bbox 1741 1371 1792 1416; x_wconf 91' lang='lat' dir='ltr'><strong>in</strong></span> <span class='ocrx_word' id='word_1_105' title='bbox 1816 1385 1942 1435; x_wconf 84' lang='lat' dir='ltr'><strong>prae—</strong></span> 
     </span>
     <span class='ocr_line' id='line_1_15' title="bbox 510 1445 1944 1514; baseline -0.001 -19"><span class='ocrx_word' id='word_1_106' title='bbox 510 1447 641 1495; x_wconf 89' lang='lat' dir='ltr'><strong>sidiis</strong></span> <span class='ocrx_word' id='word_1_107' title='bbox 672 1447 893 1496; x_wconf 85' lang='lat' dir='ltr'><strong>collocati</strong></span> <span class='ocrx_word' id='word_1_108' title='bbox 924 1458 1082 1509; x_wconf 83' lang='lat' dir='ltr'><strong>erant,</strong></span> <span class='ocrx_word' id='word_1_109' title='bbox 1119 1449 1424 1497; x_wconf 91' lang='lat' dir='ltr'><strong>obsidionem</strong></span> <span class='ocrx_word' id='word_1_110' title='bbox 1457 1456 1730 1514; x_wconf 87' lang='lat' dir='ltr'><strong>posuerunt</strong></span> <span class='ocrx_word' id='word_1_111' title='bbox 1771 1445 1834 1494; x_wconf 91' lang='lat' dir='ltr'><strong>ad</strong></span> <span class='ocrx_word' id='word_1_112' title='bbox 1860 1463 1944 1512; x_wconf 91' lang='lat' dir='ltr'><strong>op-</strong></span> 
     </span>
     <span class='ocr_line' id='line_1_16' title="bbox 509 1525 1936 1591; baseline -0.001 -19"><span class='ocrx_word' id='word_1_113' title='bbox 509 1525 678 1590; x_wconf 89' lang='lat' dir='ltr'><strong>pidum</strong></span> <span class='ocrx_word' id='word_1_114' title='bbox 712 1542 796 1572; x_wconf 89' lang='lat' dir='ltr'><strong>seu</strong></span> <span class='ocrx_word' id='word_1_115' title='bbox 828 1525 1069 1573; x_wconf 87' lang='lat' dir='ltr'><strong>castellum</strong></span> <span class='ocrx_word' id='word_1_116' title='bbox 1102 1527 1408 1574; x_wconf 87' lang='lat' dir='ltr'><strong>nominatum</strong></span> <span class='ocrx_word' id='word_1_117' title='bbox 1431 1526 1692 1591; x_wconf 86' lang='lat' dir='ltr'><strong>vulgariter</strong></span> <span class='ocrx_word' id='word_1_118' title='bbox 1721 1526 1936 1572; x_wconf 58' lang='grc' dir='ltr'><em>Τανταεῆ</em></span> 
     </span>
     <span class='ocr_line' id='line_1_17' title="bbox 511 1601 1942 1668; baseline 0 -20"><span class='ocrx_word' id='word_1_119' title='bbox 511 1605 799 1666; x_wconf 84' lang='lat' dir='ltr'><strong>Quanquam</strong></span> <span class='ocrx_word' id='word_1_120' title='bbox 833 1606 957 1650; x_wconf 78' lang='lat' dir='ltr'><strong>&#39;vero</strong></span> <span class='ocrx_word' id='word_1_121' title='bbox 997 1604 1178 1667; x_wconf 85' lang='lat' dir='ltr'><strong>Anglici</strong></span> <span class='ocrx_word' id='word_1_122' title='bbox 1223 1605 1359 1651; x_wconf 88' lang='lat' dir='ltr'><strong>anxie</strong></span> <span class='ocrx_word' id='word_1_123' title='bbox 1399 1605 1541 1651; x_wconf 89' lang='lat' dir='ltr'><strong>nimis</strong></span> <span class='ocrx_word' id='word_1_124' title='bbox 1590 1602 1779 1668; x_wconf 87' lang='lat' dir='ltr'><strong>perditu</strong></span> <span class='ocrx_word' id='word_1_125' title='bbox 1795 1618 1846 1648; x_wconf 91' lang='lat' dir='ltr'><strong>m</strong></span> <span class='ocrx_word' id='word_1_126' title='bbox 1884 1601 1942 1648; x_wconf 86' lang='lat' dir='ltr'><strong>iri</strong></span> 
     </span>
     <span class='ocr_line' id='line_1_18' title="bbox 511 1677 1942 1745; baseline -0.001 -20"><span class='ocrx_word' id='word_1_127' title='bbox 511 1678 674 1742; x_wconf 89' lang='lat' dir='ltr'><strong>eisque</strong></span> <span class='ocrx_word' id='word_1_128' title='bbox 692 1679 866 1725; x_wconf 87' lang='lat' dir='ltr'><strong>auferri</strong></span> <span class='ocrx_word' id='word_1_129' title='bbox 896 1679 1054 1744; x_wconf 88' lang='lat' dir='ltr'><strong>ipsum</strong></span> <span class='ocrx_word' id='word_1_130' title='bbox 1078 1680 1315 1745; x_wconf 90' lang='lat' dir='ltr'><strong>oppidum</strong></span> <span class='ocrx_word' id='word_1_131' title='bbox 1338 1681 1697 1745; x_wconf 84' lang='lat' dir='ltr'><strong>conspicerent,</strong></span> <span class='ocrx_word' id='word_1_132' title='bbox 1728 1688 1776 1726; x_wconf 87' lang='lat' dir='ltr'><strong>et</strong></span> <span class='ocrx_word' id='word_1_133' title='bbox 1804 1677 1942 1743; x_wconf 86' lang='lat' dir='ltr'><strong>quod</strong></span> 
     </span>
     <span class='ocr_line' id='line_1_19' title="bbox 513 1755 1942 1821; baseline -0.001 -17"><span class='ocrx_word' id='word_1_134' title='bbox 513 1773 568 1804; x_wconf 90' lang='lat' dir='ltr'><strong>ea</strong></span> <span class='ocrx_word' id='word_1_135' title='bbox 593 1773 668 1804; x_wconf 87' lang='lat' dir='ltr'><strong>res</strong></span> <span class='ocrx_word' id='word_1_136' title='bbox 690 1757 739 1803; x_wconf 90' lang='lat' dir='ltr'><strong>in</strong></span> <span class='ocrx_word' id='word_1_137' title='bbox 757 1756 858 1803; x_wconf 86' lang='lat' dir='ltr'><strong>aliis</strong></span> <span class='ocrx_word' id='word_1_138' title='bbox 881 1757 1025 1806; x_wconf 85' lang='lat' dir='ltr'><strong>rebus</strong></span> <span class='ocrx_word' id='word_1_139' title='bbox 1050 1757 1309 1821; x_wconf 84' lang='lat' dir='ltr'><strong>majoribus</strong></span> <span class='ocrx_word' id='word_1_140' title='bbox 1332 1758 1510 1806; x_wconf 89' lang='lat' dir='ltr'><strong>damna</strong></span> <span class='ocrx_word' id='word_1_141' title='bbox 1531 1756 1849 1805; x_wconf 85' lang='lat' dir='ltr'><strong>verisimiliter</strong></span> <span class='ocrx_word' id='word_1_142' title='bbox 1875 1755 1942 1803; x_wconf 89' lang='lat' dir='ltr'><strong>eis</strong></span> 
     </span>
     <span class='ocr_line' id='line_1_20' title="bbox 513 1832 1942 1900; baseline -0.001 -18"><span class='ocrx_word' id='word_1_143' title='bbox 513 1844 634 1891; x_wconf 84' lang='lat' dir='ltr'><strong>esset</strong></span> <span class='ocrx_word' id='word_1_144' title='bbox 658 1834 1077 1900; x_wconf 86' lang='lat' dir='ltr'><strong>allatura‚pactum</strong></span> <span class='ocrx_word' id='word_1_145' title='bbox 1101 1846 1262 1883; x_wconf 89' lang='lat' dir='ltr'><strong>tamen</strong></span> <span class='ocrx_word' id='word_1_146' title='bbox 1286 1835 1546 1884; x_wconf 86' lang='lat' dir='ltr'><strong>deditionis</strong></span> <span class='ocrx_word' id='word_1_147' title='bbox 1567 1833 1806 1900; x_wconf 88' lang='lat' dir='ltr'><strong>compulsi</strong></span> <span class='ocrx_word' id='word_1_148' title='bbox 1825 1832 1942 1890; x_wconf 80' lang='lat' dir='ltr'><strong>fece·</strong></span> 
     </span>
     <span class='ocr_line' id='line_1_21' title="bbox 516 1911 1940 1972; baseline 0 -14"><span class='ocrx_word' id='word_1_149' title='bbox 516 1921 649 1972; x_wconf 87' lang='lat' dir='ltr'><strong>runt,</strong></span> <span class='ocrx_word' id='word_1_150' title='bbox 677 1912 768 1958; x_wconf 91' lang='lat' dir='ltr'><strong>nisi</strong></span> <span class='ocrx_word' id='word_1_151' title='bbox 798 1913 858 1959; x_wconf 91' lang='lat' dir='ltr'><strong>ad</strong></span> <span class='ocrx_word' id='word_1_152' title='bbox 893 1923 1077 1961; x_wconf 89' lang='lat' dir='ltr'><strong>certum</strong></span> <span class='ocrx_word' id='word_1_153' title='bbox 1100 1923 1147 1961; x_wconf 90' lang='lat' dir='ltr'><strong>et</strong></span> <span class='ocrx_word' id='word_1_154' title='bbox 1182 1923 1410 1962; x_wconf 86' lang='lat' dir='ltr'><strong>statutum</strong></span> <span class='ocrx_word' id='word_1_155' title='bbox 1438 1913 1567 1961; x_wconf 92' lang='lat' dir='ltr'><strong>diem</strong></span> <span class='ocrx_word' id='word_1_156' title='bbox 1599 1911 1800 1961; x_wconf 89' lang='lat' dir='ltr'><strong>obsessis</strong></span> <span class='ocrx_word' id='word_1_157' title='bbox 1823 1927 1940 1958; x_wconf 88' lang='lat' dir='ltr'><strong>suc-</strong></span> 
     </span>
     <span class='ocr_line' id='line_1_22' title="bbox 517 1989 1938 2055; baseline -0.001 -19"><span class='ocrx_word' id='word_1_158' title='bbox 517 2006 711 2036; x_wconf 82' lang='lat' dir='ltr'><strong>cursum</strong></span> <span class='ocrx_word' id='word_1_159' title='bbox 730 1989 1013 2055; x_wconf 81' lang='lat' dir='ltr'><strong>praeberent.</strong></span> <span class='ocrx_word' id='word_1_160' title='bbox 1040 1991 1169 2039; x_wconf 78' lang='lat' dir='ltr'><strong>Infra</strong></span> <span class='ocrx_word' id='word_1_161' title='bbox 1201 2007 1346 2055; x_wconf 89' lang='lat' dir='ltr'><strong>quam</strong></span> <span class='ocrx_word' id='word_1_162' title='bbox 1384 1991 1514 2038; x_wconf 89' lang='lat' dir='ltr'><strong>diem</strong></span> <span class='ocrx_word' id='word_1_163' title='bbox 1538 1990 1734 2038; x_wconf 91' lang='lat' dir='ltr'><strong>Carolus</strong></span> <span class='ocrx_word' id='word_1_164' title='bbox 1750 2026 1763 2050; x_wconf 89' lang='lat'><strong><em>‚</em></strong></span> <span class='ocrx_word' id='word_1_165' title='bbox 1791 1991 1938 2035; x_wconf 87' lang='lat' dir='ltr'><strong>Fran-</strong></span> 
     </span>
     <span class='ocr_line' id='line_1_23' title="bbox 520 2067 1941 2131; baseline -0.001 -18"><span class='ocrx_word' id='word_1_166' title='bbox 520 2083 689 2113; x_wconf 87' lang='lat' dir='ltr'><strong>corum</strong></span> <span class='ocrx_word' id='word_1_167' title='bbox 712 2082 810 2124; x_wconf 85' lang='lat' dir='ltr'><strong>rex,</strong></span> <span class='ocrx_word' id='word_1_168' title='bbox 837 2069 1091 2115; x_wconf 85' lang='lat' dir='ltr'><strong>contractis</strong></span> <span class='ocrx_word' id='word_1_169' title='bbox 1114 2067 1327 2131; x_wconf 89' lang='lat' dir='ltr'><strong>undique</strong></span> <span class='ocrx_word' id='word_1_170' title='bbox 1351 2067 1549 2126; x_wconf 85' lang='lat' dir='ltr'><strong>viribus,</strong></span> <span class='ocrx_word' id='word_1_171' title='bbox 1569 2076 1616 2114; x_wconf 92' lang='lat' dir='ltr'><strong>et</strong></span> <span class='ocrx_word' id='word_1_172' title='bbox 1638 2067 1784 2113; x_wconf 82' lang='lat' dir='ltr'><strong>totius</strong></span> <span class='ocrx_word' id='word_1_173' title='bbox 1806 2081 1941 2130; x_wconf 86' lang='lat' dir='ltr'><strong>paene</strong></span> 
     </span>
     <span class='ocr_line' id='line_1_24' title="bbox 520 2143 1941 2208; baseline -0.001 -18"><span class='ocrx_word' id='word_1_174' title='bbox 520 2144 654 2207; x_wconf 87' lang='lat' dir='ltr'><strong>regni</strong></span> <span class='ocrx_word' id='word_1_175' title='bbox 676 2144 918 2192; x_wconf 87' lang='lat' dir='ltr'><strong>nobilibus</strong></span> <span class='ocrx_word' id='word_1_176' title='bbox 943 2154 990 2192; x_wconf 89' lang='lat' dir='ltr'><strong>et</strong></span> <span class='ocrx_word' id='word_1_177' title='bbox 1011 2144 1239 2192; x_wconf 76' lang='lat' dir='ltr'><strong>militibus</strong></span> <span class='ocrx_word' id='word_1_178' title='bbox 1257 2145 1478 2192; x_wconf 85' lang='lat' dir='ltr'><strong>adunatis</strong></span> <span class='ocrx_word' id='word_1_179' title='bbox 1495 2181 1506 2203; x_wconf 87' lang='lat'>,</span> <span class='ocrx_word' id='word_1_180' title='bbox 1535 2143 1671 2208; x_wconf 87' lang='lat' dir='ltr'><strong>quasi</strong></span> <span class='ocrx_word' id='word_1_181' title='bbox 1688 2152 1809 2191; x_wconf 87' lang='lat' dir='ltr'><strong>esset</strong></span> <span class='ocrx_word' id='word_1_182' title='bbox 1829 2159 1941 2190; x_wconf 90' lang='lat' dir='ltr'><strong>cum</strong></span> 
     </span>
     <span class='ocr_line' id='line_1_25' title="bbox 522 2220 1942 2288; baseline 0.001 -21"><span class='ocrx_word' id='word_1_183' title='bbox 522 2221 782 2286; x_wconf 85' lang='lat' dir='ltr'><strong>Anglorum</strong></span> <span class='ocrx_word' id='word_1_184' title='bbox 796 2223 980 2287; x_wconf 86' lang='lat' dir='ltr'><strong>integra</strong></span> <span class='ocrx_word' id='word_1_185' title='bbox 995 2223 1208 2288; x_wconf 87' lang='lat' dir='ltr'><strong>potentia</strong></span> <span class='ocrx_word' id='word_1_186' title='bbox 1230 2222 1557 2281; x_wconf 90' lang='lat' dir='ltr'><strong>dimicaturus,</strong></span> <span class='ocrx_word' id='word_1_187' title='bbox 1574 2222 1621 2268; x_wconf 88' lang='lat' dir='ltr'><strong>in</strong></span> <span class='ocrx_word' id='word_1_188' title='bbox 1642 2220 1942 2286; x_wconf 85' lang='lat' dir='ltr'><strong>Aquitaniam</strong></span> 
     </span>
     <span class='ocr_line' id='line_1_26' title="bbox 522 2297 1940 2366; baseline -0.002 -18"><span class='ocrx_word' id='word_1_189' title='bbox 522 2316 660 2348; x_wconf 88' lang='lat' dir='ltr'><strong>suam</strong></span> <span class='ocrx_word' id='word_1_190' title='bbox 685 2301 1038 2366; x_wconf 88' lang='lat' dir='ltr'><strong>expeditionem</strong></span> <span class='ocrx_word' id='word_1_191' title='bbox 1074 2301 1307 2359; x_wconf 87' lang='lat' dir='ltr'><strong>traduxit;</strong></span> <span class='ocrx_word' id='word_1_192' title='bbox 1346 2309 1394 2347; x_wconf 90' lang='lat' dir='ltr'><strong>et</strong></span> <span class='ocrx_word' id='word_1_193' title='bbox 1424 2310 1533 2347; x_wconf 90' lang='lat' dir='ltr'><strong>ante</strong></span> <span class='ocrx_word' id='word_1_194' title='bbox 1556 2308 1784 2351; x_wconf 89' lang='lat' dir='ltr'><strong>statutum</strong></span> <span class='ocrx_word' id='word_1_195' title='bbox 1809 2297 1940 2346; x_wconf 86' lang='lat' dir='ltr'><strong>diem</strong></span> 
     </span>
     <span class='ocr_line' id='line_1_27' title="bbox 517 2376 1941 2443; baseline -0.001 -19"><span class='ocrx_word' id='word_1_196' title='bbox 517 2378 651 2442; x_wconf 82' lang='lat' dir='ltr'><strong>juxta</strong></span> <span class='ocrx_word' id='word_1_197' title='bbox 666 2378 902 2443; x_wconf 87' lang='lat' dir='ltr'><strong>oppidum</strong></span> <span class='ocrx_word' id='word_1_198' title='bbox 919 2415 930 2437; x_wconf 88' lang='lat'>‚</span> <span class='ocrx_word' id='word_1_199' title='bbox 957 2388 1234 2443; x_wconf 89' lang='lat' dir='ltr'><strong>exspectans</strong></span> <span class='ocrx_word' id='word_1_200' title='bbox 1257 2376 1483 2425; x_wconf 89' lang='lat' dir='ltr'><strong>audacter</strong></span> <span class='ocrx_word' id='word_1_201' title='bbox 1506 2394 1617 2425; x_wconf 92' lang='lat' dir='ltr'><strong>cum</strong></span> <span class='ocrx_word' id='word_1_202' title='bbox 1642 2377 1800 2442; x_wconf 85' lang='lat' dir='ltr'><strong>Anglis</strong></span> <span class='ocrx_word' id='word_1_203' title='bbox 1823 2391 1941 2442; x_wconf 83' lang='lat' dir='ltr'><strong>prae-</strong></span> 
     </span>
     <span class='ocr_line' id='line_1_28' title="bbox 522 2452 1936 2520; baseline -0.001 -19"><span class='ocrx_word' id='word_1_204' title='bbox 522 2454 639 2501; x_wconf 90' lang='lat' dir='ltr'><strong>lium</strong></span> <span class='ocrx_word' id='word_1_205' title='bbox 671 2465 814 2520; x_wconf 85' lang='lat' dir='ltr'><strong>atque</strong></span> <span class='ocrx_word' id='word_1_206' title='bbox 847 2466 1086 2503; x_wconf 89' lang='lat' dir='ltr'><strong>certamen</strong></span> <span class='ocrx_word' id='word_1_207' title='bbox 1119 2456 1264 2514; x_wconf 88' lang='lat' dir='ltr'><strong>inire,</strong></span> <span class='ocrx_word' id='word_1_208' title='bbox 1303 2465 1457 2503; x_wconf 89' lang='lat' dir='ltr'><strong>castra</strong></span> <span class='ocrx_word' id='word_1_209' title='bbox 1494 2465 1696 2503; x_wconf 88' lang='lat' dir='ltr'><strong>metatus</strong></span> <span class='ocrx_word' id='word_1_210' title='bbox 1725 2464 1811 2503; x_wconf 87' lang='lat' dir='ltr'><strong>est.</strong></span> <span class='ocrx_word' id='word_1_211' title='bbox 1841 2452 1936 2502; x_wconf 89' lang='lat' dir='ltr'><strong>Sed</strong></span> 
     </span>
     <span class='ocr_line' id='line_1_29' title="bbox 522 2531 1935 2599; baseline 0 -19"><span class='ocrx_word' id='word_1_212' title='bbox 522 2533 703 2598; x_wconf 83' lang='lat' dir='ltr'><strong>Anglici</strong></span> <span class='ocrx_word' id='word_1_213' title='bbox 723 2570 736 2593; x_wconf 91' lang='lat'>,</span> <span class='ocrx_word' id='word_1_214' title='bbox 763 2533 979 2581; x_wconf 85' lang='lat' dir='ltr'><strong>videntes</strong></span> <span class='ocrx_word' id='word_1_215' title='bbox 1013 2534 1134 2599; x_wconf 83' lang='lat' dir='ltr'><strong>regis</strong></span> <span class='ocrx_word' id='word_1_216' title='bbox 1177 2532 1517 2582; x_wconf 90' lang='lat' dir='ltr'><strong>validissimum</strong></span> <span class='ocrx_word' id='word_1_217' title='bbox 1542 2534 1828 2593; x_wconf 83' lang='lat' dir='ltr'><strong>exercitum,</strong></span> <span class='ocrx_word' id='word_1_218' title='bbox 1872 2531 1935 2582; x_wconf 84' lang='lat' dir='ltr'><strong>ad</strong></span> 
     </span>
    </p>
   </div>
   <div class='ocr_carea' id='block_1_3' title="bbox 576 2675 1935 2728">
    <p class='ocr_par' dir='ltr' id='par_1_4' title="bbox 576 2675 1935 2728">
     <span class='ocr_line' id='line_1_30' title="bbox 576 2675 1935 2728; baseline 0.001 -13"><span class='ocrx_word' id='word_1_219' title='bbox 576 2680 591 2715; x_wconf 85' lang='lat'><strong>1</strong></span> <span class='ocrx_word' id='word_1_220' title='bbox 607 2707 613 2715; x_wconf 92' lang='lat'>.</span> <span class='ocrx_word' id='word_1_221' title='bbox 649 2677 700 2715; x_wconf 88' lang='lat' dir='ltr'><strong>Ils</strong></span> <span class='ocrx_word' id='word_1_222' title='bbox 719 2678 914 2715; x_wconf 70' lang='lat' dir='ltr'><strong>enti-erent</strong></span> <span class='ocrx_word' id='word_1_223' title='bbox 930 2689 1001 2728; x_wconf 89' lang='lat' dir='ltr'><strong>par</strong></span> <span class='ocrx_word' id='word_1_224' title='bbox 1020 2690 1073 2714; x_wconf 89' lang='lat' dir='ltr'><strong>un</strong></span> <span class='ocrx_word' id='word_1_225' title='bbox 1094 2684 1197 2723; x_wconf 82' lang='lat' dir='ltr'><strong>trou,</strong></span> <span class='ocrx_word' id='word_1_226' title='bbox 1209 2675 1318 2714; x_wconf 88' lang='lat' dir='ltr'><strong>selon</strong></span> <span class='ocrx_word' id='word_1_227' title='bbox 1337 2676 1374 2715; x_wconf 88' lang='lat' dir='ltr'><strong>la</strong></span> <span class='ocrx_word' id='word_1_228' title='bbox 1395 2679 1607 2728; x_wconf 79' lang='lat' dir='ltr'><strong>Chronique</strong></span> <span class='ocrx_word' id='word_1_229' title='bbox 1619 2680 1667 2716; x_wconf 88' lang='lat' dir='ltr'><strong>de</strong></span> <span class='ocrx_word' id='word_1_230' title='bbox 1687 2680 1935 2719; x_wconf 80' lang='lat' dir='ltr'><strong>Normande&#39;e.</strong></span> 
     </span>
    </p>
   </div>
   <div class='ocr_carea' id='block_1_4' title="bbox 574 2738 1933 2912">
    <p class='ocr_par' dir='ltr' id='par_1_5' title="bbox 574 2738 1933 2912">
     <span class='ocr_line' id='line_1_31' title="bbox 575 2738 1933 2793; baseline 0.004 -16"><span class='ocrx_word' id='word_1_231' title='bbox 575 2743 615 2781; x_wconf 75' lang='lat'><strong>2.</strong></span> <span class='ocrx_word' id='word_1_232' title='bbox 646 2739 890 2793; x_wconf 78' lang='lat' dir='ltr'><strong>Neufbourg,</strong></span> <span class='ocrx_word' id='word_1_233' title='bbox 908 2738 1156 2788; x_wconf 84' lang='lat' dir='ltr'><strong>aujourd&#39;hui</strong></span> <span class='ocrx_word' id='word_1_234' title='bbox 1176 2738 1271 2777; x_wconf 86' lang='lat' dir='ltr'><strong>dans</strong></span> <span class='ocrx_word' id='word_1_235' title='bbox 1292 2740 1646 2780; x_wconf 80' lang='lat' dir='ltr'><strong>l‘arrondissement</strong></span> <span class='ocrx_word' id='word_1_236' title='bbox 1664 2741 1713 2781; x_wconf 89' lang='lat' dir='ltr'><strong>de</strong></span> <span class='ocrx_word' id='word_1_237' title='bbox 1731 2743 1933 2784; x_wconf 81' lang='lat' dir='ltr'><strong>Louviers.</strong></span> 
     </span>
     <span class='ocr_line' id='line_1_32' title="bbox 577 2802 765 2840; baseline 0.016 -3"><span class='ocrx_word' id='word_1_238' title='bbox 577 2803 613 2838; x_wconf 80' lang='lat'><strong>3.</strong></span> <span class='ocrx_word' id='word_1_239' title='bbox 647 2802 765 2840; x_wconf 74' lang='lat'><strong>1442.</strong></span> 
     </span>
     <span class='ocr_line' id='line_1_33' title="bbox 574 2858 1629 2912; baseline 0.005 -14"><span class='ocrx_word' id='word_1_240' title='bbox 574 2863 612 2899; x_wconf 74' lang='lat'><strong>4.</strong></span> <span class='ocrx_word' id='word_1_241' title='bbox 644 2859 901 2909; x_wconf 85' lang='lat' dir='ltr'><strong>Aujourd&#39;hui</strong></span> <span class='ocrx_word' id='word_1_242' title='bbox 921 2859 1015 2898; x_wconf 89' lang='lat' dir='ltr'><strong>dans</strong></span> <span class='ocrx_word' id='word_1_243' title='bbox 1038 2859 1074 2899; x_wconf 87' lang='lat' dir='ltr'><strong>le</strong></span> <span class='ocrx_word' id='word_1_244' title='bbox 1094 2858 1358 2912; x_wconf 66' lang='lat' dir='ltr'><strong>departement</strong></span> <span class='ocrx_word' id='word_1_245' title='bbox 1379 2861 1446 2900; x_wconf 86' lang='lat' dir='ltr'><strong>des</strong></span> <span class='ocrx_word' id='word_1_246' title='bbox 1464 2862 1629 2903; x_wconf 79' lang='lat' dir='ltr'><strong>Laudes.</strong></span> 
     </span>
    </p>
   </div>
  </div>
 </body>
</html>
