2086 3528
721 335 867 372 LIBER
893 336 1138 383 QUARTUS.
1569 334 1644 372 185

228 415 448 481 exemplo
471 426 774 482 provocatus,
797 418 879 482 qui
899 418 1074 466 similes
1092 417 1340 466 violentias
1361 426 1503 481 atque
1523 416 1646 480 inju-

230 492 324 541 rias
345 493 618 557 patriae-toti
645 494 822 542 inferre
845 495 1152 562 properabat.

228 595 237 607 ‹
293 571 404 617 Erat
441 570 570 618 enim
602 581 743 632 tunc,
773 571 862 619 sub
897 572 1080 620 ditione
1114 571 1405 637 Anglorum,
1432 572 1645 636 regimen

228 647 487 712 pessimum
518 657 566 695 et
588 647 891 697 deordinatio
925 667 1098 714 magna
1119 651 1170 698 in
1203 659 1304 697 tota
1333 649 1641 698 Normannia.

227 724 422 772 Venalis
444 725 574 773 enim
595 725 715 774 facta
739 726 825 774 fuit
849 744 934 792 per
956 744 1040 775 eos
1056 764 1067 786 ,
1090 728 1174 791 qui
1201 725 1487 790 Anglicanos
1514 743 1647 791 rege-

228 801 376 863 bant,
416 803 764 853 administratio
799 815 846 852 et
886 805 1169 869 gubernatio
1208 804 1539 863 Normanniae3
1583 806 1649 852 ita

225 875 364 946 quod
399 881 466 928 illi
505 898 587 929 seu
610 883 699 930 illis
738 884 1141 944 committeretur,
1181 882 1263 947 qui
1303 883 1352 928 in
1388 881 1648 930 licitatione

229 957 348 1006 alios
370 971 687 1025 superassent.
714 964 831 1020 Quae
851 979 926 1009 res
953 962 1139 1009 animos
1164 959 1436 1008 accolarum
1460 960 1645 1023 patriae,

228 1051 400 1102 parum
418 1048 559 1086 antea
576 1039 634 1087 ad
654 1040 915 1104 Anglorum
938 1040 1133 1088 affectos
1154 1038 1427 1103 imperium,
1453 1053 1649 1102 prorsus

221 1123 333 1162 tum
354 1115 415 1163 ab
434 1133 493 1163 eo
517 1116 835 1165 distraxerunt
857 1129 1000 1182 atque
1023 1116 1371 1177 abalienarunt,
1389 1115 1507 1162 dum
1525 1114 1648 1162 vide-

229 1203 338 1241 rent
352 1211 434 1241 eos
457 1193 518 1241 de
539 1195 698 1259 quiete
715 1205 762 1243 et
779 1195 959 1259 justitia
979 1195 1228 1243 communi
1246 1193 1454 1257 regionis
1470 1192 1650 1240 nullam

225 1286 396 1318 curam
421 1288 598 1335 gerere,
626 1289 783 1337 neque
804 1289 1002 1320 suorum
1022 1272 1226 1319 militum
1250 1270 1446 1334 injurias
1467 1285 1647 1328 arcere,

225 1364 348 1412 quas
369 1349 556 1414 populo
583 1359 719 1397 terrae
754 1350 940 1398 assidue
962 1349 1248 1397 inferebant.
1285 1351 1391 1396 Non
1416 1348 1573 1408 enim,
1599 1357 1651 1394 ut

224 1423 489 1489 aliquando
514 1427 846 1488 observarant,
880 1437 1054 1475 statuta
1084 1425 1320 1491 stipendia
1349 1424 1529 1472 dabant
1558 1441 1653 1471 suae

227 1501 433 1562 militiae;
460 1503 543 1551 sed
566 1504 747 1552 ducum
768 1514 815 1552 et
837 1505 1197 1569 capitaneorum
1228 1503 1458 1568 rapacitas
1489 1502 1651 1548 omnia

226 1579 534 1643 absorbebat,
561 1592 608 1630 et
629 1592 765 1630 erant
784 1582 914 1648 apud
930 1582 1124 1647 Anglos,
1147 1580 1406 1647 provinciae
1419 1579 1649 1643 regimen,

228 1657 436 1706 militum
452 1658 670 1721 ducatus,
694 1660 1032 1725 capitaneatus,
1049 1668 1312 1721 caeteraque
1322 1657 1484 1704 omnia
1496 1655 1654 1703 officia

229 1736 444 1797 venalia3
474 1738 538 1786 ita
567 1747 623 1785 ut
651 1738 712 1786 de
747 1737 896 1785 salute
919 1738 1080 1803 patriae
1106 1747 1153 1784 et
1174 1734 1446 1801 reipublicae
1470 1733 1652 1781 nullam

227 1830 427 1879 prorsus
458 1833 622 1864 curam
657 1825 902 1880 gererent,
953 1815 1034 1862 sed
1070 1831 1175 1862 eam
1207 1813 1351 1862 veluti
1386 1811 1653 1875 neglectam

229 1890 409 1939 habere
446 1892 739 1941 viderentur.
779 1893 902 1951 Quia
922 1909 1037 1939 vero
1060 1892 1238 1939 scelera
1272 1889 1417 1953 longa
1446 1888 1653 1954 impuni-

229 1975 327 2015 tate
361 1979 408 2016 et
439 1970 630 2018 licentia
664 1970 879 2036 accipere
919 1969 1269 2018 incrementum
1305 1977 1352 2014 et
1381 1966 1521 2013 latius
1550 1982 1653 2013 sese

228 2046 487 2095 extendere
520 2057 899 2108 consueverant,
941 2064 1042 2094 non
1079 2045 1296 2093 contenti
1327 2044 1506 2108 Anglici
1535 2044 1652 2090 tales

230 2124 422 2188 rapinas
464 2133 607 2189 atque
641 2125 839 2189 injurias
877 2124 1098 2190 plebibus
1141 2139 1237 2170 suae
1277 2121 1473 2168 ditionis
1509 2130 1651 2184 atque

229 2199 513 2248 obedientiae
551 2201 755 2264 inferre,
801 2203 943 2250 etiam
984 2202 1033 2249 in
1070 2199 1325 2247 limitaneis
1359 2201 1651 2245 Francorum

230 2278 366 2325 terris
385 2279 554 2327 similia
569 2279 800 2345 paulatim
817 2279 1136 2346 praesumendi
1149 2294 1317 2325 ausum
1333 2285 1618 2341 acceperunt
1632 2311 1646 2334 ,

230 2365 307 2415 et,
347 2373 456 2403 cum
499 2359 835 2423 opportunitas
874 2359 1098 2419 daretur,
1137 2374 1237 2405 non
1274 2356 1429 2404 solum
1469 2355 1651 2421 praedas

233 2448 396 2497 agere,
433 2451 598 2482 verum
627 2437 770 2484 etiam
808 2446 855 2484 et
889 2447 1096 2485 armatos
1130 2446 1213 2484 aut
1251 2434 1436 2482 nobiles
1476 2432 1652 2479 militiae

234 2513 552 2572 Francorum,
584 2514 622 2560 si
659 2515 942 2581 intercipere
969 2532 1051 2563 eos
1080 2523 1296 2580 possent,
1336 2511 1573 2560 trucidare
1605 2518 1651 2556 et

229 2587 461 2651 jugulare.

300 2664 394 2711 Sed
424 2665 637 2730 profecto
659 2684 759 2715 non
789 2668 872 2717 diu
900 2668 1010 2716 talia
1039 2669 1235 2735 impune
1269 2683 1409 2732 agere
1432 2663 1650 2730 permissi

235 2748 346 2790 sunt
365 2758 394 2789 a
415 2744 629 2804 Francis;
654 2746 771 2810 quin
794 2747 893 2794 imo
915 2747 1059 2799 etiam
1082 2764 1192 2794 cum
1214 2745 1385 2805 usuris,
1406 2759 1506 2789 non
1530 2740 1648 2787 mul-

235 2820 294 2867 tis
316 2820 495 2869 effluxis
520 2822 779 2888 mensibus,
803 2824 1015 2873 fecerunt
1034 2825 1101 2872 eis
1116 2822 1496 2872 retributionem.
1528 2817 1648 2867 Ade-
