2086 3528
733 368 885 425 unm(
907 387 1108 428 ramus.
1584 393 1633 430 27

210 493 267 529 ac
288 485 418 525 metu
436 475 632 534 retenti,
658 471 828 539 procul
850 471 1002 520 dubio
1015 511 1026 533 ,
1054 474 1214 522 multae
1237 491 1294 522 ex
1308 474 1384 522 his
1401 474 1637 524 habitato-

210 553 341 603 ribus
362 569 523 602 vacuae
547 551 720 600 relictae
742 550 965 612 fuissent,
990 551 1405 615 quemadmodum
1433 553 1483 600 in
1513 570 1636 601 non-

209 632 351 682 nullis
386 640 574 679 constat
606 628 875 694 contigisse.
917 627 1128 694 Populus
1164 629 1294 677 enim
1323 639 1459 678 terrae
1491 630 1636 695 longa

209 719 324 759 tunc
339 726 457 776 pace
473 707 615 757 simul
632 725 744 756 curn
758 707 982 756 servitute
997 707 1201 756 imbellis
1218 717 1266 756 et
1277 708 1476 775 simplex
1492 709 1637 757 nimis

209 797 310 837 erat
323 825 336 850 ,
354 785 697 835 aestimantibus
719 784 936 851 pluribus
959 803 1061 834 non
1081 785 1256 851 Anglos
1277 796 1470 851 gentem
1491 797 1636 852 atque

209 865 429 914 homines
450 880 554 913 esse
569 900 582 925 ,
604 863 688 912 sed
712 865 944 912 immanes
968 863 1203 930 quasdam
1226 874 1369 929 atque
1392 865 1636 914 ferocissi—

210 958 312 991 mas
336 941 549 1003 belluas,
578 958 684 1007 quae
706 941 769 989 ad
791 940 1125 990 devorandum
1162 942 1402 1007 populum
1433 958 1534 990 sese
1566 943 1635 991 ef-

210 1019 484 1069 funderent.

273 1098 444 1146 Statim
457 1106 618 1147 autem
635 1106 688 1144 ut
708 1097 799 1163 ipsi
821 1097 956 1161 Angli
978 1095 1139 1146 littora
1159 1106 1442 1157 tenuerunt,
1460 1101 1638 1145 custos¹

211 1176 330 1224 arcis
343 1176 518 1234 Tolcae,
537 1178 587 1223 in
606 1175 742 1224 collis
759 1175 936 1223 vertice
958 1175 1077 1233 sitae,
1098 1175 1262 1222 relicta
1283 1191 1415 1236 arce,
1434 1175 1638 1239 Anglicis

209 1251 369 1314 cessit3
396 1262 443 1301 et
465 1252 752 1300 Lexovium'
771 1267 923 1316 usque
947 1268 1006 1299 ex
1029 1251 1144 1316 ipsis
1167 1251 1372 1315 Anglicis
1392 1251 1540 1316 aliqui
1561 1267 1638 1299 ve·

209 1331 398 1380 nientes
408 1331 535 1396 (quae
553 1331 717 1379 civitas
735 1347 792 1378 ex
810 1329 889 1377 illa
903 1329 1026 1377 valle
1042 1345 1124 1376 sex
1141 1328 1317 1394 gallicis
1334 1328 1615 1377 milliaribus
1626 1331 1640 1354 ³

209 1409 353 1459 distat
382 1427 410 1459 a
437 1410 614 1475 mari),
640 1409 781 1457 nullis
801 1408 897 1456 illic
917 1407 1271 1456 habitatoribus
1292 1408 1522 1467 inventis,
1549 1408 1640 1455 nisi

210 1487 424 1554 quodam
435 1505 548 1537 sene
559 1488 759 1536 homine
773 1496 820 1534 et
829 1486 1038 1551 quadam
1052 1486 1348 1546 muliercula,
1362 1485 1515 1551 ipsam
1525 1485 1639 1532 civi-

210 1576 357 1615 tatem
379 1583 621 1632 recepere.
645 1564 1020 1613 Procedentibus
1040 1580 1156 1612 vero
1174 1580 1262 1629 per
1281 1573 1429 1611 terras
1450 1563 1640 1610 inferio-

211 1645 275 1692 ris
293 1644 621 1703 Normanniae,
639 1660 753 1691 cum
775 1642 1134 1700 Cadomenses⁴,
1154 1641 1401 1707 aliquanto
1422 1650 1639 1706 tempore

211 1720 407 1784 obsessi,
424 1722 722 1780 restitissent,
741 1738 952 1786 quorum
969 1731 1070 1768 erat
1089 1730 1204 1768 tunc
1221 1719 1640 1786 opulentissimum

211 1799 446 1866 oppidum
486 1809 534 1848 et
574 1801 868 1866 populosum
881 1835 894 1860 ,
944 1798 1078 1848 facile
1116 1798 1375 1865 expugnati
1420 1807 1468 1846 et
1512 1799 1639 1863 capti

211 1889 347 1939 sunt,
372 1879 559 1944 direpto
589 1878 796 1945 oppid0,
828 1888 876 1926 et
906 1878 1069 1926 multis
1099 1894 1156 1925 ex
1187 1876 1371 1925 civibus
1392 1875 1640 1925 trucidatis

212 1957 403 2022 suisque
436 1956 738 2022 patrimoniis
777 1957 923 2004 etiam
954 1954 1184 2022 spoliatis.
1216 1957 1330 2002 Post
1360 1954 1639 2018 hujusmodi

211 2050 328 2082 vero
359 2034 546 2083 cladem
574 2034 677 2082 aliis
711 2033 916 2100 amplius
939 2033 1201 2093 deterritis,
1225 2032 1432 2098 plurima
1460 2031 1638 2098 oppida

215 2109 298 2177 [et]
321 2111 429 2160 loca
449 2112 686 2160 inferioris
704 2111 1036 2173 Normanniae,
1060 2111 1194 2159 nullo
1218 2127 1354 2177 paene
1375 2110 1570 2174 negotio
1589 2110 1638 2156 in

213 2189 508 2239 deditionem
527 2201 829 2256 receperunt.

280 2265 486 2330 Anglicis
509 2282 624 2314 vero
642 2265 704 2313 ad
726 2265 992 2314 obtinenda
1013 2281 1119 2330 quae
1138 2263 1336 2327 vellent,
1356 2262 1506 2311 facilis
1524 2272 1640 2310 tunc

216 2343 409 2409 patebat
435 2344 530 2393 via.
567 2347 689 2392 Nam
715 2361 828 2392 cum
859 2344 983 2393 inter
1010 2361 1086 2405 se,
1121 2343 1205 2409 qui
1239 2342 1522 2391 dicebantur
1555 2343 1639 2388 Ar-

216 2423 419 2471 meniaci
447 2432 496 2471 et
526 2422 915 2488 Burgundiones,
942 2421 1258 2472 acerbissimis
1280 2421 1404 2469 odiis
1427 2420 1636 2479 accensi,

215 2516 302 2566 per
335 2518 502 2549 omnes
532 2501 630 2550 fere
674 2503 808 2567 regni
851 2512 1011 2568 partes
1043 2503 1216 2568 jugiter
1252 2501 1556 2559 dimicarent,
1594 2508 1640 2546 et

217 2579 352 2644 regni
379 2580 633 2628 vastationi
665 2591 807 2646 atque
832 2581 1133 2648 populationi
1160 2579 1532 2647 propensissime
1566 2578 1640 2624 in-

273 2719 312 2815 12.
335 2716 600 2815 gecapitaine
617 2719 708 2759 &tait
724 2723 821 2761 Jean
830 2720 1071 2776 d'Angenne.
1084 2721 1323 2774 Monstrelet‚
1343 2720 1370 2760 l.
1386 2723 1420 2768 Ι,
1437 2733 1473 2759 ο.
1493 2731 1635 2757 cmxxx.

305 2807 315 2816 .
368 2789 506 2817 1s1eux.
1046 2799 1048 2801 ·

277 2840 314 2876 3.
345 2841 523 2877 Milliare
545 2848 603 2879 est
619 2839 671 2879 ici
682 2840 932 2893 l'equivalent
949 2843 999 2882 de
1019 2847 1140 2883 leuca.

275 2900 313 2936 4.
343 2901 416 2938 Les
433 2897 626 2939 habitants
643 2897 693 2939 de
714 2901 832 2942 Caen.
