2086 3528
512 338 587 376 116
893 337 1234 377 HISTORIARUM
1261 338 1444 376 CAROLI
1470 338 1541 375 VII

511 422 583 469 vel
615 421 803 469 castella
828 421 1097 468 munierant
1125 436 1230 484 quae
1253 420 1458 487 populus
1482 419 1544 467 ab
1569 418 1778 484 Anglicis
1799 417 1919 467 tule-

509 510 606 558 rat,
644 516 733 546 nec
763 499 912 563 ipsius
935 497 1096 563 patriae
1125 497 1371 546 nobilitas¹
1400 515 1505 562 quae
1539 498 1601 546 ad
1635 507 1782 546 terras
1815 513 1923 546 suas

511 574 818 640 possidendas
839 584 1133 633 accurrerat,
1158 574 1331 639 quibus
1349 575 1481 639 longi
1511 574 1741 640 temporis
1767 575 1920 640 spatio

510 651 647 714 Angli
662 652 799 716 potiti
819 651 1004 699 fuerant
1017 687 1030 710 ‚
1058 667 1159 699 sese
1177 651 1534 712 abstinuerunt3
1557 653 1620 699 ita
1636 661 1689 699 ut
1708 651 1923 717 profecto

509 730 806 777 verissimum
824 746 924 777 esse
943 739 1242 795 compertum
1266 730 1405 779 fuerit
1425 731 1557 796 quod
1581 731 1781 796 quidam
1809 747 1923 796 gen-

509 807 662 855 tilium
685 818 936 873 poetarum
956 809 1125 857 cecinit
1148 826 1159 855 z

672 933 777 968 Nulla
790 931 878 967 fides
893 932 1071 980 pietasque
1085 931 1170 967 viris
1182 958 1192 975 ,
1209 931 1270 979 qui
1284 940 1395 967 castra
1414 941 1622 980 sequuntur,

507 1051 554 1088 et
584 1042 714 1106 quod
739 1042 975 1089 Dominus
1002 1058 1086 1108 per
1121 1042 1408 1090 Hieremiam
1439 1042 1729 1108 prophetam
1761 1042 1878 1090 dicit
1905 1061 1917 1089 τ

510 1140 532 1164 (ι
561 1120 838 1168 Maledictus
860 1122 941 1184 qui
960 1119 1160 1168 confidit
1179 1121 1227 1167 in
1243 1120 1442 1168 homine
1456 1156 1468 1180 ‚
1495 1130 1543 1167 et
1558 1121 1639 1185 qui
1658 1121 1796 1186 ponit
1817 1137 1922 1168 car-

506 1215 618 1245 nem
641 1198 891 1246 brachium
914 1216 1052 1246 suum
1076 1219 1098 1243 >³
1117 1217 1129 1259 3
1159 1199 1241 1263 qui
1263 1209 1309 1246 et
1331 1215 1416 1264 per
1436 1198 1592 1246 David
1613 1197 1922 1246 saluberrima

505 1277 727 1341 praecepit
747 1296 757 1323 :
783 1297 805 1319 c<
832 1277 986 1324 Nolite
1009 1276 1255 1324 confidere
1277 1277 1326 1323 in
1344 1276 1643 1342 principibus
1662 1313 1674 1335 ,
1698 1291 1853 1340 neque
1870 1276 1921 1342 in

506 1352 611 1400 filiis
644 1353 927 1410 hominum,
966 1355 1013 1400 in
1039 1354 1214 1419 quibus
1247 1370 1348 1401 non
1386 1364 1457 1410 est,
1483 1353 1624 1401 salus.
1648 1371 1673 1399 υ
1699 1352 1771 1400 llli
1793 1353 1923 1401 enim

504 1431 838 1496 simplicissimi
863 1448 1087 1496 agrorum
1110 1431 1314 1479 cultores
1342 1431 1651 1495 justissimam
1676 1447 1788 1478 cum
1820 1431 1923 1495 pie·

505 1518 599 1555 tate
615 1508 760 1555 vitam
780 1519 997 1572 agentes,
1021 1509 1122 1557 zelo
1143 1510 1486 1557 ferventissimo
1510 1525 1564 1556 ac
1582 1507 1783 1555 naturali
1807 1523 1924 1572 quo-

505 1585 616 1631 dam
639 1602 803 1633 amore
828 1586 1002 1650 quibus
1028 1587 1089 1634 ad
1113 1590 1405 1633 Francorum
1427 1602 1626 1649 regnum
1649 1594 1696 1632 et
1724 1601 1885 1654 regem
1905 1620 1917 1645 ,

503 1672 731 1726 tanquam
769 1674 904 1711 vetus
941 1675 987 1712 et
1026 1665 1240 1712 naturale
1279 1674 1415 1711 terrae
1459 1663 1714 1728 imperium
1733 1699 1746 1722 ,
1786 1671 1922 1711 erant

503 1740 684 1799 affecti,
710 1742 912 1806 patriam
934 1759 1023 1807 pro
1049 1759 1219 1806 magna
1245 1751 1380 1807 parte
1403 1741 1465 1788 de
1488 1741 1750 1804 Anglorum
1772 1756 1920 1789 manu

502 1828 899 1882 recuperaverant
922 1828 969 1866 et
996 1818 1086 1865 sub
1119 1820 1239 1882 regis
1262 1819 1333 1865 sui
1357 1827 1640 1865 revocarant
1658 1816 1890 1865 ditionem
1904 1835 1921 1877 3.

500 1895 601 1960 ipse
617 1912 751 1953 vero,
769 1896 999 1943 conviviis
1015 1906 1062 1944 et
1076 1896 1278 1944 lasciviis
1293 1913 1400 1943 suas
1417 1906 1690 1943 exsaturans
1703 1895 1922 1943 libidines

502 1982 548 2018 et
566 1972 682 2019 luxu
713 1983 855 2036 atque
885 1973 1027 2020 inerti
1051 1973 1165 2020 odio
1197 1983 1393 2038 torpens
1411 2010 1423 2033 ,
1454 1973 1634 2020 nullam
1663 1972 1921 2037 providen-

502 2050 616 2097 tiam
633 2050 893 2098 adhibebat
907 2051 969 2098 ad
986 2050 1092 2098 illos
1113 2051 1200 2097 sibi
1218 2050 1518 2098 fidelissimos
1533 2051 1702 2114 suique
1719 2049 1920 2097 honoris

501 2137 548 2175 et
565 2127 912 2176 sublimationis
934 2128 1274 2176 zelantissimos
1295 2137 1528 2175 amatores
1551 2127 1754 2175 tuendos
1777 2136 1920 2192 atque

501 2203 845 2265 defensand053
865 2205 948 2252 sed
967 2206 1125 2270 potius
1143 2204 1204 2252 ab
1222 2204 1312 2252 illis
1331 2204 1682 2251 immanissimis
1700 2203 1920 2251 hostibus

501 2282 625 2343 suis,
668 2293 895 2347 tanquam
928 2300 956 2330 a
988 2283 1326 2330 cruentissimis
1369 2282 1558 2342 bestiis,
1592 2298 1674 2328 eos
1712 2281 1923 2349 jugulari·

500 2362 676 2425 passim
700 2371 747 2408 et
770 2361 970 2426 discerpi
1005 2360 1190 2408 sinebat
1220 2370 1266 2407 et
1293 2359 1654 2424 quodammodo
1689 2359 1914 2420 faciebat,

500 2455 610 2485 cum
636 2455 735 2485 non
770 2438 926 2485 solum
962 2454 1049 2503 per
1078 2438 1238 2484 hostes
1274 2437 1551 2500 hujusmodi
1584 2436 1912 2498 crudelitates,

500 2531 666 2562 verum
686 2515 826 2562 etiam
841 2532 926 2579 per
947 2531 1074 2569 suos,
1103 2513 1204 2561 fieri
1219 2515 1438 2577 ignorare
1456 2530 1554 2559 non
1580 2523 1769 2578 posset;
1794 2522 1918 2577 quo's

501 2603 659 2639 tamen
683 2609 710 2639 a
732 2592 903 2639 talibus
923 2592 1105 2656 injuriis
1127 2591 1322 2638 minime
1348 2590 1634 2650 cohibebat,
1670 2606 1761 2637 nec
1790 2584 1915 2639 cala·

501 2671 681 2718 mitosae
702 2686 757 2718 ac
780 2670 958 2717 miserae
980 2670 1140 2735 patriae
1155 2705 1167 2727 ‚
1196 2669 1336 2715 tantis
1361 2685 1448 2733 pro
1472 2685 1521 2716 se
1546 2678 1590 2715 et
1614 2667 1806 2732 querela
1831 2683 1916 2715 sua

555 2839 591 2877 1.
623 2840 726 2876 Dans
749 2837 783 2875 le
807 2836 1029 2888 manuscrit,
1050 2850 1115 2874 nec
1135 2838 1253 2886 ipsias
1272 2840 1408 2887 patriae
1428 2835 1544 2873 nobili
1559 2845 1597 2874 et
1614 2835 1790 2874 nobilitas
1806 2863 1820 2890 ,Ι
1839 2841 1912 2875 etc.
