2086 3528
538 355 614 392 156
919 352 1262 392 HISTORIARUM
1288 352 1469 392 CAROLI
1495 352 1567 390 VII

540 439 702 486 tritum
723 436 973 483 communi
996 451 1218 482 sermone
1236 435 1377 483 ‘velut
1404 434 1713 501 proverbium
1738 450 1825 500 per
1843 435 1953 484 Gala

540 515 652 562 liam
689 522 789 560 erat
808 548 820 572 ,
859 511 1066 559 infelices
1100 511 1290 576 nuptias
1321 522 1368 560 et
1406 513 1636 560 infaustos
1679 511 1954 577 hymenaeos

538 590 668 657 apud
715 606 916 654 regnum
971 589 1146 653 Angliae
1186 588 1304 637 filias
1348 592 1551 638 Franciae
1593 607 1727 656 paene
1765 590 1954 657 semper

539 669 680 715 fuisse
721 677 965 733 expertaS,
1014 665 1283 731 exindeque
1328 684 1475 732 regno
1509 669 1716 716 Franciae
1760 670 1954 733 magnas

541 745 824 810 provenisse
849 744 1166 806 calamitates,
1193 760 1303 791 cum
1317 782 1329 806 ,
1350 744 1684 811 hujuscemodi
1706 745 1953 810 conjugio*

538 841 649 871 rum
674 833 900 888 praetextu
916 859 928 883 ,
943 822 1004 870 ad
1022 822 1276 887 imperium
1288 822 1544 872 Galliarum
1565 827 1956 889 Francorumque

546 918 747 965 regnum
768 901 845 965 jus
874 918 923 949 se
946 900 1122 948 habere
1148 917 1281 964 reges
1302 901 1474 966 Angliae
1505 902 1869 967 praetenderint,
1898 910 1956 949 -et

541 979 701 1026 adhuc
725 978 785 1026 de
806 978 901 1026 hoc
922 996 1035 1026 cum
1053 981 1245 1026 Francis
1267 978 1585 1027 contendann
1603 981 1957 1045 Cognoscentes

539 1074 658 1104 vero
687 1059 942 1117 Renatum,
967 1057 1134 1105 Siciliae
1165 1074 1322 1121 regem
1340 1095 1353 1119 ,
1375 1057 1614 1105 sororium
1630 1058 1788 1106 Caroli
1810 1061 1956 1106 Fran—

540 1152 708 1182 corum
727 1135 848 1198 regis
872 1135 1042 1201 (ipsius
1064 1135 1193 1182 enim
1214 1151 1428 1183 sororem
1449 1135 1579 1182 idem
1598 1135 1795 1183 Carolus
1812 1134 1958 1182 habe·

540 1213 630 1260 bat
652 1215 875 1276 uxorem)
894 1249 906 1273 ,
935 1212 1113 1260 habere
1135 1211 1282 1260 filiam
1306 1213 1462 1280 specie
1490 1223 1537 1261 et
1557 1213 1711 1261 forma
1732 1222 1957 1279 praestan-

542 1300 664 1352 tem,
699 1307 806 1355 quae
839 1300 945 1338 tum
984 1310 1009 1336 «
1034 1300 1218 1338 matura
1248 1292 1352 1339 viro
1381 1291 1503 1339 foret
1528 1300 1576 1338 et
1605 1291 1758 1357 plenis
1782 1290 1958 1338 nubilis

542 1368 681 1416 annis
711 1389 734 1413 >2
752 1406 764 1429 ‚
790 1368 852 1417 ad
882 1369 1217 1434 requirendam
1249 1385 1357 1417 eam
1381 1369 1595 1417 animum
1630 1367 1954 1417 intenderunt.

996 1535 1338 1582 CAPITULUM
1376 1537 1476 1581 XX.

540 1659 703 1703 Qualiter
717 1659 931 1707 Max-gaeta,
948 1659 1020 1695 filia
1034 1660 1174 1704 Renati,
1191 1659 1315 1696 Siciliae
1334 1660 1438 1707 regis,
1457 1658 1668 1707 desponsata
1683 1658 1750 1694 suit
1764 1659 1959 1707 Anglorum

654 1721 749 1768 regi,
769 1729 802 1756 et
820 1733 902 1755 cum
917 1721 988 1756 hoc
1003 1729 1133 1768 treugae
1150 1721 1248 1756 factae
1268 1721 1358 1756 inter
1371 1731 1469 1768 reges
1484 1719 1642 1755 Franciae
1657 1728 1691 1755 et
1707 1719 1854 1767 Angliae.

608 1831 760 1894 Super
780 1845 878 1893 quo
913 1828 1225 1877 tractantibus
1251 1829 1398 1892 longo
1434 1838 1653 1894 tempore
1689 1845 1802 1876 cum
1826 1837 1960 1893 patre

540 1907 736 1972 puellae,
789 1923 898 1971 rege
967 1907 1160 1968 Siciliae,
1207 1906 1571 1971 Andegavorum
1590 1944 1602 1967 ,
1646 1906 1960 1970 Lotharingiae

539 1994 683 2049 atque
718 1985 1022 2032 Barrensium
1055 1984 1177 2032 duce
1211 1994 1259 2031 et
1294 1985 1469 2031 comite
1507 1983 1794 2043 Provinciae,
1819 1981 1959 2029 simul

541 2063 686 2110 etiam
709 2080 819 2110 cum
845 2064 953 2128 ipso
988 2079 1097 2126 rege
1119 2065 1412 2109 Francorum
1433 2062 1623 2124 Carolo,
1649 2060 1840 2119 habitis,
1868 2059 1961 2125 ipsi

543 2141 806 2204 Anglorum
838 2141 977 2204 legati
1011 2140 1072 2188 de
1109 2139 1330 2187 ineundis
1363 2140 1566 2204 treugis,
1606 2138 1696 2186 sub
1717 2155 1802 2204 spe
1830 2138 1960 2204 pacis

548 2219 880 2279 conciliandae,
909 2219 1052 2266 etiam
1083 2234 1355 2266 sermonem
1387 2225 1694 2283 aperuerunt.
1719 2215 1961 2264 Videbant

543 2298 671 2344 enim
698 2297 880 2361 Anglici
899 2333 911 2356 ,
940 2307 991 2344 ut
1011 2297 1235 2354 diximus,
1267 2313 1373 2344 suas
1395 2305 1552 2361 partes
1576 2295 1832 2343 debiliores
1857 2294 1958 2343 die·

544 2385 684 2422 tenus
709 2375 810 2421 fieri
833 2376 882 2421 in
899 2375 1110 2436 Francia,
1126 2373 1362 2438 simulque
1383 2373 1478 2421 illic
1499 2374 1752 2438 imperium
1765 2388 1960 2437 vergere

543 2454 593 2500 in
624 2453 812 2500 ruinam
834 2452 1122 2516 totalemque
1147 2452 1486 2511 defectionem,
1519 2452 1610 2499 nisi
1641 2451 1730 2499 sibi
1752 2451 1812 2499 de
1830 2450 1960 2517 pacis

544 2530 620 2579 vel
647 2541 819 2594 treugae
841 2530 1053 2578 remedio
1076 2530 1397 2595 providerent.
1424 2533 1523 2578 Hac
1545 2531 1723 2596 quippe
1743 2531 1821 2579 via
1841 2528 1960 2578 aesti-

546 2618 800 2658 maverunt
821 2609 998 2656 ruentis
1028 2608 1280 2656 adversum
1312 2624 1362 2656 se
1391 2607 1591 2656 sortunae
1619 2609 1851 2674 impetum
1875 2607 1959 2654 sis·

547 2699 648 2736 tere
662 2725 674 2746 ,
698 2697 746 2735 et
766 2686 924 2735 adhuc
947 2703 1052 2752 quae
1071 2687 1120 2734 in
1138 2686 1430 2734 Normannia
1450 2686 1526 2735 vel
1545 2687 1794 2753 Aquitania
1810 2685 1960 2752 possi-

547 2767 751 2828 debant,
774 2781 958 2814 servare
980 2781 1133 2831 posse.

614 2849 722 2893 Haec
747 2855 904 2894 autem
935 2854 1157 2911 apertura
1185 2852 1359 2908 treugae
1393 2854 1536 2910 atque
1556 2843 1686 2911 pacis
1705 2843 1847 2894 etiam
1867 2827 1957 2909 ipsi
