2086 3528
424 356 501 393 326
806 353 1148 391 HISTORIARUM
1175 353 1355 391 CAROLI
1380 354 1448 390 VII

421 435 513 483 sibi
535 435 715 494 facere,
740 433 856 481 nihil
880 433 941 481 de
972 435 1267 499 consumptis
1299 434 1662 498 provincialium
1697 433 1839 481 bonis

421 514 689 572 exsolvere,
729 528 874 576 quem
911 510 1203 571 voluissent,
1241 512 1425 575 injuriis
1468 522 1610 576 atque
1654 511 1843 558 damnis

419 590 636 648 afficere,
665 589 840 655 passim
870 588 1127 652 unicuique
1150 588 1347 653 impune
1378 588 1578 648 licebat;
1611 606 1701 636 nec
1732 605 1842 653 pro·

419 667 690 714 vincialium
737 665 868 712 bona
907 666 1121 730 accipere
1144 701 1156 724 ,
1193 681 1299 730 quae
1345 665 1394 711 in
1443 682 1583 712 usum
1628 665 1840 713 alimenti

419 744 644 792 cederent
683 760 772 809 pro
808 760 886 804 se,
926 744 1000 790 vel
1044 743 1178 807 equis
1216 760 1297 790 seu
1343 742 1540 790 canibus
1578 744 1700 804 suis,
1750 759 1840 808 pro

419 820 593 868 delicto
634 837 718 867 seu
768 819 968 866 crimine
1009 818 1302 880 habebatur,
1346 819 1494 867 modo
1545 819 1664 866 nihil
1711 819 1840 867 aliud

419 915 565 963 quam
594 896 812 945 victualia
843 897 1151 962 accepissent.
1183 896 1370 954 Quibus
1401 895 1536 942 malis
1574 896 1841 943 fomentum

418 975 668 1041 praestabat
720 975 915 1022 avaritia
969 973 1318 1020 nonnullorum
1372 974 1707 1037 magistrorum
1756 990 1841 1021 seu

419 1054 601 1101 ducum
622 1051 817 1110 militiae,
844 1052 927 1115 qui
949 1068 977 1099 a
1002 1051 1230 1098 militibus
1254 1051 1314 1098 de
1339 1067 1542 1097 numero
1565 1067 1653 1098 suo
1679 1061 1726 1098 et
1748 1051 1840 1098 sibi

418 1130 712 1190 commissis,
750 1130 799 1175 in
835 1146 965 1176 anno
1008 1129 1069 1176 de
1104 1128 1350 1193 stipendiis
1383 1145 1465 1175 seu
1503 1129 1711 1175 annonis
1753 1128 1843 1176 sibi

419 1208 686 1257 constitutis
727 1224 943 1254 mensem
981 1223 1131 1254 unum
1169 1217 1249 1253 aut
1286 1207 1384 1254 duo
1427 1206 1676 1271 exigebant
1698 1243 1710 1267 ,
1754 1225 1844 1272 pro

419 1285 755 1351 hujuscemodi
791 1285 939 1349 gratia
968 1285 1094 1332 hanc
1125 1285 1276 1332 vicem
1300 1288 1367 1331 eis
1404 1285 1687 1345 reddentes,
1713 1286 1846 1349 quod

419 1381 505 1429 per
532 1364 765 1427 majorem
801 1363 914 1409 anni
949 1372 1134 1427 partem
1180 1363 1356 1427 passim
1390 1379 1474 1410 eos
1510 1364 1758 1428 pervagari
1801 1374 1848 1411 et

421 1442 632 1488 victitare
661 1441 710 1486 in
748 1440 872 1504 agris
916 1438 1273 1504 permittebant.
1321 1442 1477 1497 Quam
1514 1441 1846 1505 negligentiam

421 1528 762 1578 assentatores,
783 1516 955 1582 quibus
982 1517 1100 1564 aulae
1129 1507 1294 1581 regum
1320 1519 1515 1582 copiose
1541 1518 1721 1565 refertae
1747 1534 1847 1565 esse

421 1596 609 1655 solent,
656 1611 879 1642 excusare
926 1593 1202 1641 nitebantur
1241 1612 1250 1640 :
1288 1595 1420 1659 quod
1466 1595 1576 1643 talia
1628 1596 1728 1662 ipse
1766 1613 1848 1643 rex

422 1689 616 1738 prorsus
641 1671 909 1736 ignoraret,
937 1688 1058 1735 quae,
1087 1671 1125 1718 si
1145 1671 1369 1733 scivisset,
1396 1671 1664 1720 nullatenus
1688 1672 1850 1720 fuisset

421 1750 754 1815 permissurus.
782 1749 875 1795 Sed
908 1748 1124 1814 profecto
1150 1766 1321 1796 verum
1355 1759 1422 1796 est
1456 1749 1576 1797 illud
1599 1750 1847 1797 communi

422 1843 643 1874 sermone
665 1827 826 1873 tritum
852 1826 1184 1891 proverbium,
1211 1826 1345 1891 quod
1370 1848 1393 1871 «
1418 1831 1524 1874 Non
1548 1837 1618 1875 est
1641 1827 1850 1876 deterior

423 1903 621 1964 surdus,
659 1920 805 1968 quam
829 1905 940 1968 qui,
967 1921 1072 1968 quae
1099 1921 1211 1952 vera
1240 1914 1378 1966 sunt,
1417 1906 1613 1952 minime
1636 1905 1738 1952 vult
1768 1922 1848 1953 au-

423 1979 542 2027 dire.
568 1998 591 2025 »
617 1983 748 2046 Saepe
773 1982 901 2028 enim
927 1982 1035 2029 talia
1060 1991 1101 2028 et
1131 1998 1340 2047 persaepe
1359 1982 1549 2030 sibimet
1570 1982 1846 2030 denuntiata

423 2067 561 2118 sunt,
593 2074 703 2105 cum
739 2059 998 2124 legationes
1026 2059 1265 2106 solemnes
1296 2076 1351 2106 ex
1383 2059 1755 2124 provincialibus
1787 2060 1848 2107 ad

423 2133 604 2180 curiam
621 2151 756 2182 suam
773 2146 819 2182 et
840 2136 902 2182 ad
922 2136 1077 2200 ipsum
1101 2136 1444 2197 mittebantur,
1471 2152 1577 2200 quae
1599 2135 1659 2182 de
1683 2135 1848 2200 hujus·

424 2210 557 2257 modi
599 2211 781 2274 injuriis
818 2213 1087 2277 frequentes
1119 2214 1334 2276 querelas
1369 2212 1716 2277 deposuerunt.
1754 2212 1848 2260 Sed

424 2286 576 2333 heus!
614 2289 872 2336 narrabant
906 2288 1112 2336 fabulam
1145 2289 1315 2346 surdo;
1344 2305 1455 2335 nam
1484 2289 1590 2352 plus
1622 2287 1733 2341 fidei
1766 2289 1850 2336 uni

422 2384 478 2414 ex
504 2369 722 2432 palatinis
758 2369 956 2416 canibus
988 2370 1291 2429 assentatori,
1318 2384 1463 2432 quam
1490 2368 1850 2416 solemnissimis

423 2444 695 2508 quibusque
714 2445 875 2508 legatis
900 2446 1257 2509 provinciarum
1279 2444 1607 2510 praestabatur.

491 2523 847 2570 Habitationem
879 2522 1070 2570 urbium
1103 2539 1383 2587 magnarum
1402 2561 1413 2582 ,
1439 2524 1696 2588 praesertim
1728 2523 1851 2571 illius

426 2601 565 2664 regiae
591 2601 891 2661 ParisiensiS,
919 2618 1110 2648 exosam
1135 2601 1371 2661 habebat3
1398 2619 1487 2648 nec
1508 2602 1556 2647 in
1582 2601 1783 2649 urbibus
1805 2611 1851 2648 et

426 2677 570 2736 locis,
604 2679 651 2724 in
683 2678 855 2742 quibus
884 2678 1149 2741 frequentia
1177 2689 1275 2724 erat
1305 2678 1618 2743 populorum,
1648 2678 1852 2726 libenter

426 2754 699 2815 habitabat,
737 2756 819 2802 sed
857 2756 903 2802 in
943 2754 1231 2819 quibusdam
1269 2755 1511 2819 oppidulis
1546 2756 1620 2802 vel
1653 2755 1852 2802 castellis

426 2831 550 2879 circa
567 2832 737 2879 urbem
759 2833 1096 2879 Bituricensem
1112 2832 1187 2878 vel
1203 2835 1529 2879 Turonensem
1544 2868 1556 2890 ,
1585 2832 1667 2879 ubi
1689 2849 1850 2880 rarum
