2086 3528
736 379 883 416 LIBER
915 379 1162 428 QUARTUS.
1569 383 1645 421 227

224 477 339 527 gere
355 498 368 524 ,
387 471 517 511 metu
546 461 820 509 vehementi
841 470 985 526 atque
1003 472 1187 510 terrore
1207 463 1388 528 Anglici
1409 463 1650 527 deterriti,

224 557 325 589 non
347 539 479 589 aliud
501 555 647 605 quam
666 539 1047 587 internecionem
1066 540 1317 588 imminere
1336 540 1648 605 arbitrantes,

223 618 335 667 licet
358 618 422 667 ad
445 619 536 666 tria
559 617 705 665 millia
730 627 777 665 et
799 618 1004 684 amplius
1034 619 1083 666 in
1108 619 1297 667 civitate
1323 630 1506 682 essent,
1534 622 1653 670 nibil

225 696 317 746 sihi
339 706 472 756 tum,
498 695 560 744 ad
584 695 912 761 effugiendum
938 697 1105 745 mortis
1126 698 1393 764 periculum
1411 736 1422 758 ‚
1450 717 1656 765 praesen-

225 775 349 838 tius,
391 790 539 840 quam
583 773 645 821 ad
687 790 819 822 arces
853 775 1080 836 civitatis,
1113 776 1353 841 praecipue
1395 777 1655 841 Palatium,

227 854 447 903 Castrum
483 862 530 900 et
563 855 767 900 Pontem
780 854 809 913 ¹,
842 852 1101 918 confugere
1135 863 1442 919 putaverunt.
1490 856 1653 916 Unde,

226 947 404 996 magna
425 948 481 979 ex
505 939 641 996 parte
667 931 763 978 suis
798 931 971 978 relictis
1005 930 1146 979 bonis
1163 968 1176 989 ,
1207 949 1263 979 ex
1297 934 1432 980 omni
1455 934 1659 983 civitatis

227 1009 425 1074 regione
454 1008 648 1057 concito
684 1000 836 1072 gradu
873 1008 1067 1057 easdem
1104 1025 1238 1057 arces
1275 1020 1437 1075 petere
1475 1028 1660 1077 prope-

228 1096 415 1136 rarunt.
463 1087 558 1146 Qui
598 1103 710 1134 cum
753 1086 933 1152 ubique
967 1086 1193 1153 repagula
1231 1097 1375 1152 atque
1412 1087 1662 1139 obstacula

229 1164 563 1229 offenderent,
592 1182 699 1231 quae
724 1156 1011 1231 plerumque
1034 1165 1239 1214 alterum
1263 1166 1325 1214 ab
1356 1167 1506 1215 altero
1534 1168 1664 1232 jactu

227 1243 401 1311 lapidis
435 1262 535 1293 non
574 1243 844 1305 distabant,
890 1243 1202 1309 viderentque
1237 1244 1417 1309 ubique
1452 1257 1664 1294 armatos

230 1321 388 1386 cives,
427 1322 511 1387 qui
558 1321 730 1383 etiam,
769 1321 952 1369 effossis
991 1321 1253 1387 parietibus
1296 1321 1560 1371 domorum
1602 1324 1665 1372 ad

229 1399 355 1447 intra
370 1436 383 1462 ,
411 1399 473 1448 de
497 1399 609 1447 loco
633 1399 695 1447 ad
715 1399 904 1462 locum,
935 1416 1168 1464 quorsum
1192 1401 1259 1448 eis
1276 1400 1470 1462 liberet,
1499 1401 1667 1451 ambu-

229 1476 419 1539 labant,
459 1477 700 1544 supplices
740 1476 880 1525 valde
917 1493 973 1525 ac
1013 1477 1346 1540 tremebundi,
1386 1481 1669 1529 transeundi

230 1556 474 1605 licentiam
496 1555 820 1622 postulabant.
848 1558 905 1603 Et
929 1571 1036 1604 eam
1058 1556 1256 1621 quidem
1282 1558 1509 1606 omnibus
1530 1575 1667 1624 paene

231 1634 413 1688 civium
444 1633 719 1682 humanitas
757 1633 983 1691 indulsit,
1009 1633 1182 1699 quibus
1222 1635 1439 1684 satisfieri
1468 1637 1669 1685 videba-

232 1722 331 1774 tur,
370 1713 410 1761 si
454 1713 521 1761 eis
562 1711 744 1777 absque
787 1712 986 1777 alicujus
1021 1712 1314 1761 crudelitatis
1354 1714 1667 1764 denotatione

233 1791 423 1840 civitate
454 1791 631 1857 pulsis,
675 1790 737 1838 ad
777 1790 898 1855 regis
943 1793 1241 1838 Francorum
1276 1793 1494 1841 naturale
1534 1804 1669 1842 terrae

234 1870 494 1937 imperium
517 1886 620 1918 sese
644 1868 876 1917 reducere
909 1885 965 1917 ac
990 1870 1235 1918 civitatem
1268 1887 1405 1919 suam
1437 1884 1664 1938 possent;

235 1965 412 2014 nempe
451 1965 551 1996 non
588 1947 794 2013 amplius
823 1964 970 2012 quam
1010 1958 1106 1996 tres
1136 1959 1219 1997 aut
1242 1958 1453 2014 quatuor
1487 1951 1670 2017 Anglici

236 2026 286 2074 in
310 2036 414 2075 toto
437 2027 520 2075 illo
541 2026 751 2073 tumultu
783 2026 1117 2074 referebantur
1137 2028 1380 2086 exstincti,
1413 2039 1460 2077 et
1483 2029 1534 2076 hi
1559 2031 1668 2095 qui-

237 2103 368 2167 dem,
395 2104 558 2170 quod,
589 2103 767 2151 infelici
790 2112 917 2151 sorte
941 2114 1086 2169 atque
1106 2105 1340 2166 infausta,
1361 2106 1411 2153 in
1435 2124 1669 2171 quorum-

238 2181 351 2231 dam
385 2200 443 2231 ex
480 2182 665 2231 civibus
700 2181 1005 2230 devenissent
1041 2200 1237 2244 manus,
1275 2201 1488 2250 quorum
1523 2187 1669 2252 aliqui

238 2262 445 2329 proairni
469 2261 712 2326 sanguinis
730 2296 743 2321 ,
781 2261 922 2308 tertio
958 2271 1040 2309 aut
1073 2271 1246 2326 quarto
1277 2262 1354 2310 die
1378 2274 1489 2312 ante
1506 2304 1518 2327 ,
1544 2266 1670 2312 intra

239 2341 417 2389 moenia
443 2349 490 2388 et
509 2340 689 2388 vallum
722 2339 922 2387 civitatis
942 2338 1394 2404 (quemadmodum
1421 2360 1566 2409 supra
1589 2361 1665 2390 re-

242 2418 472 2484 tulimus)
490 2419 726 2484 perempti
748 2418 936 2465 fuerant
959 2417 1021 2465 ab
1041 2419 1269 2484 Anglicis.

297 2555 336 2593 1.
367 2555 422 2592 Le
437 2555 574 2591 Palais
591 2551 703 2604 (plus
724 2551 809 2590 tard
828 2551 864 2590 le
883 2550 1011 2590 vieux
1026 2550 1166 2599 Palais)
1178 2580 1188 2596 ,
1211 2550 1390 2590 citadelle
1407 2550 1510 2590 batie
1528 2564 1600 2603 par
1618 2551 1674 2590 les

243 2612 402 2665 Anglais
434 2625 502 2651 sur
529 2612 566 2650 le
589 2610 690 2650 bord
709 2611 757 2650 de
781 2611 820 2650 la
850 2611 963 2650 Seine
978 2641 988 2659 ,
1015 2612 1035 2649 a
1060 2611 1291 2649 l’extremite
1313 2620 1351 2649 et
1377 2624 1426 2649 en
1451 2611 1539 2650 aval
1562 2610 1611 2649 de
1636 2611 1674 2649 la

245 2672 358 2722 ville;
378 2672 415 2711 le
441 2673 612 2712 Chdteau
628 2701 638 2719 ,
666 2670 746 2709 bati
775 2685 846 2724 par
875 2670 1055 2723 Philippe
1077 2675 1253 2724 Auguste
1274 2685 1342 2709 sur
1372 2670 1577 2709 l'enceinte
1606 2671 1675 2710 des

246 2746 353 2772 murs
368 2762 379 2780 ,
404 2732 458 2771 du
476 2732 561 2771 cote
581 2732 634 2771 du
651 2732 786 2782 Nord3
817 2732 854 2771 la
882 2732 1129 2770 fortification
1153 2732 1204 2770 du
1231 2740 1326 2784 pont
1353 2745 1405 2769 ou
1427 2731 1672 2780 meucane,

246 2792 379 2845 placee
398 2800 531 2831 contre
548 2792 586 2831 la
609 2792 695 2831 rive
718 2792 868 2842 gauche
894 2792 942 2830 de
967 2792 1006 2830 la
1031 2793 1160 2832 Seine.
1198 2793 1293 2830 Voir
1317 2791 1482 2830 l’ancien
1508 2791 1601 2843 plan
1627 2791 1675 2830 de

247 2855 384 2891 Rouen
410 2852 541 2891 dresse
559 2865 661 2905 pour
688 2849 884 2890 l'Histoire
902 2853 951 2890 cle
969 2855 1097 2889 Rouen
1113 2853 1290 2902 pendant
1318 2854 1488 2902 l’e'poque
1514 2865 1678 2889 commu-

249 2918 360 2963 nale,
381 2927 452 2967 par
467 2916 520 2954 M.
547 2913 727 2953 Cheruel.
