2086 3528
738 387 886 425 LIBER
913 384 1184 425 SECUNDUS.
1617 384 1669 421 73

248 471 404 538 jacula
431 472 482 520 in
512 471 675 518 hostes
697 468 955 534 torquendi
976 485 1059 517 seu
1086 467 1314 530 feriendi,
1345 466 1415 514 uti
1438 466 1563 515 soliti
1585 483 1671 533 per

252 549 383 616 prius
407 549 617 611 fuerant,
645 547 896 596 ullomodo
921 563 1162 595 assumere
1186 554 1401 612 possent.

724 749 1066 795 CAPITULUM
1099 749 1199 794 ΧΠ.

252 880 446 931 Quomodo
466 897 487 920 a
500 884 650 920 'Francis
667 885 732 920 sub
749 883 883 920 ducatu
898 884 1028 919 Puellae
1038 883 1179 932 Anglici
1193 896 1237 918 ex
1255 881 1399 931 oppidis
1413 881 1540 917 vicinis
1554 883 1676 916 Aure-

323 945 489 982 tianensis
504 945 603 980 urbis
620 945 723 992 ejecti
743 952 825 980 sunt
842 953 876 979 et
891 944 1017 992 praelio
1031 943 1118 979 victi
1133 944 1170 978 in
1189 941 1443 990 campestribus
1455 940 1591 977 Belciae.

318 1071 377 1116 Et
407 1069 638 1134 quoniam
666 1068 971 1135 plerumque,
992 1078 1046 1115 ut
1066 1077 1210 1133 poeta
1240 1066 1391 1125 canit,
1421 1084 1443 1110 «
1471 1064 1680 1130 geminat

255 1146 451 1194 victoria
492 1147 641 1208 vires,
675 1166 699 1191 »
737 1163 1062 1213 prosperaque
1093 1145 1281 1193 animos
1321 1143 1551 1203 efferunt,
1588 1142 1680 1190 hac

252 1225 450 1272 victoria
463 1226 665 1289 vegetati
677 1228 971 1273 Francorum
982 1224 1146 1286 animi,
1161 1223 1250 1272 sub
1260 1222 1476 1286 ejusdem
1487 1224 1510 1268 J
1513 1237 1681 1268 oannae

254 1300 431 1349 ducatu
449 1313 497 1350 et
514 1303 708 1351 illustris
725 1303 913 1351 comitis
927 1302 1190 1364 DunensiS,
1210 1301 1293 1366 qui
1310 1317 1367 1347 ex
1388 1299 1682 1346 omnissFran-

254 1396 425 1427 corum
465 1380 631 1428 militia
668 1391 772 1428 tum
813 1381 863 1427 in
904 1380 1039 1428 ducis
1071 1390 1173 1428 tum
1206 1379 1254 1426 in
1290 1377 1451 1425 militis
1483 1392 1683 1424 munere

254 1460 554 1524 praestantior
596 1447 894 1521 habebatur,
934 1459 1091 1507 vicina
1134 1457 1315 1524 oppida
1352 1466 1495 1520 atque
1533 1463 1684 1502 castra

254 1553 400 1603 supra
422 1537 602 1585 flumen
627 1538 803 1601 Ligeris
826 1538 969 1585 etiam
992 1551 1275 1602 recuperare
1298 1534 1602 1582 studuerunt.
1628 1534 1685 1578 Et

255 1624 465 1662 castrum
485 1615 682 1680 quidem
702 1616 763 1663 de
780 1619 1015 1681 Get-gean,
1035 1615 1085 1662 in
1105 1631 1204 1680 quo
1221 1629 1366 1679 supra
1385 1611 1687 1675 octingentos

256 1692 437 1757 Anglici
471 1710 520 1740 se
552 1703 855 1760 receperant,
882 1694 1025 1740 armis
1055 1702 1198 1758 atque
1221 1690 1407 1739 insultis
1439 1704 1688 1754 expugna-

258 1778 361 1818 tum
377 1770 486 1830 fuit,
504 1771 634 1819 caesis
650 1771 897 1837 captisque
915 1771 1110 1819 armatis
1132 1770 1214 1836 qui
1232 1769 1326 1817 illic
1349 1768 1532 1816 inventi
1555 1776 1682 1814 sunt.

257 1850 436 1915 Captus
469 1848 534 1896 ibi
563 1849 649 1897 suit
686 1866 850 1897 comes
881 1849 1145 1909 Suffolciae,
1183 1857 1231 1896 et
1273 1847 1374 1912 ejus
1405 1835 1685 1911 germanus,

257 1925 486 1975 dominus
509 1927 570 1975 de
594 1928 825 1992 Lapoule,
855 1929 1210 1994 interemptus¹.

323 2007 481 2064 Quam
498 2006 703 2063 cladem,
719 2023 863 2072 supra
880 2007 1094 2072 priorem
1116 2005 1245 2071 apud
1262 2004 1556 2064 Aurelianos,
1578 2019 1690 2050 cum

260 2082 440 2147 Anglici
471 2083 748 2144 subiissent,
776 2084 1048 2132 diffidentes
1073 2101 1214 2150 posse
1245 2083 1337 2131 alia
1369 2081 1546 2148 oppida
1578 2081 1693 2128 reti-

261 2176 398 2221 nere,
424 2171 476 2208 ut
493 2161 774 2209 Modinum¹
792 2171 838 2209 et
857 2164 1125 2229 Baagenci,
1149 2163 1216 2210 eis
1237 2162 1409 2209 relictis
1432 2171 1479 2208 et
1501 2177 1527 2207 a
1551 2163 1694 2207 Fran-

261 2240 328 2287 cis
360 2242 588 2307 receptis,
628 2258 728 2289 sese
766 2252 818 2288 ut
860 2241 1030 2289 melius
1070 2250 1360 2307 potuerunt,
1400 2239 1484 2304 qui
1523 2238 1694 2302 reliqui

262 2327 419 2378 erant,
446 2318 496 2365 in
519 2336 672 2367 unum
696 2336 864 2384 agmen
888 2329 1141 2384 cogentes,
1167 2336 1253 2384 per
1276 2318 1480 2367 Belciam
1495 2355 1507 2376 ,
1530 2333 1695 2364 versus

263 2396 527 2442 Carnotum
552 2406 600 2443 et
624 2397 994 2456 Normanniam,
1021 2396 1110 2443 iter
1142 2406 1383 2444 maturare
1414 2403 1690 2460 coeperunt,

263 2473 443 2538 experti
476 2489 576 2520 non
609 2490 756 2539 parva
779 2475 853 2521 sui
871 2474 1058 2538 jactura
1080 2474 1257 2538 Ligeris
1287 2474 1416 2540 ripas
1449 2482 1607 2520 tutum
1631 2471 1697 2518 eis

265 2549 565 2597 domicilium
588 2552 793 2617 amplius
812 2569 917 2621 'non
944 2561 1182 2617 praestare.
1204 2554 1327 2599 Cum
1347 2568 1462 2598 vero
1486 2549 1536 2596 id
1557 2552 1697 2595 Fran-

266 2643 350 2673 cos
373 2627 570 2674 minime
596 2627 835 2688 latuisset,
861 2630 945 2694 qui
968 2629 1210 2693 quotidie,
1238 2628 1449 2676 secunda
1472 2627 1561 2675 sibi
1587 2625 1699 2672 arri-

267 2703 411 2751 dente
446 2704 659 2766 fortuna,
685 2706 886 2755 audacia
918 2707 1198 2756 crescebant
1231 2718 1278 2755 et
1304 2707 1510 2765 viribus,
1535 2720 1698 2752 rerum

323 2835 342 2870 1
353 2864 363 2874 .
397 2832 565 2881 William
582 2834 690 2883 Pole,
706 2845 831 2876 comte
850 2837 899 2876 de
917 2838 1080 2887 Sufsolk,
1095 2847 1134 2877 et
1146 2851 1218 2878 son
1234 2838 1337 2877 frere
1355 2835 1575 2876 Alexandre
1587 2833 1695 2873 Pole.

325 2894 365 2931 2.
397 2895 750 2934 Meun-sur-Loire.
