2086 3528
749 331 896 369 LIBER
923 333 1154 380 QUmTUS.
1589 339 1667 376 265

247 410 423 458 rimum
444 410 652 459 calidum
685 421 732 459 et
757 412 963 477 siccum)
978 450 990 473 ,
1016 414 1269 463 arbitratus
1292 426 1362 464 est
1385 418 1543 481 fugam
1566 436 1667 468 esse

245 490 478 536 exercitus
505 492 824 552 Francorum,
857 492 939 556 qui
970 502 1153 541 terrore
1186 495 1258 541 sui
1290 494 1522 543 adventus
1559 514 1667 562 per-

246 567 392 623 moti,
423 566 595 614 relictis
625 568 787 614 castris
817 569 937 628 suis,
973 570 1278 634 aufugerent,
1305 589 1404 619 non
1438 573 1667 622 audentes

245 643 346 707 ejus
367 653 662 709 exspectasse
684 661 1009 709 congressum.
1038 648 1282 697 Festinans
1305 649 1464 714 itaque
1487 660 1533 697 et
1555 667 1667 698 suos

226 782 227 785 Ἰ
246 730 477 786 tanquam
491 721 550 768 ad
569 722 780 786 praedam
797 732 844 769 et
855 723 1076 787 fugitivos
1089 727 1667 790 persequendum'cohor-

245 808 353 847 tans
367 835 379 858 ,
397 815 548 862 usque
570 799 631 846 ad
653 809 807 848 castra
829 800 1229 867 Obsidionemque
1252 807 1543 851 Francorum
1566 822 1669 870 per-

244 874 399 936 venit,
426 875 600 923 relictis
633 877 802 942 procul
826 894 854 925 a
878 888 1010 942 tergo
1039 880 1134 926 suis
1161 880 1461 945 pedestribus
1485 883 1663 947 copiis;

244 953 305 1002 ad
338 960 443 1018 qu'ae
472 955 757 1019 perveniens
786 965 966 1017 castra,
992 957 1227 1022 comperit
1251 957 1447 1022 quidem
1473 959 1533 1006 de
1559 959 1667 1023 fuga

244 1049 342 1080 non
366 1049 449 1080 eos
468 1033 727 1098 quicquam
753 1034 982 1098 cogitasse
997 1071 1009 1094 ,
1036 1035 1119 1082 sed
1139 1036 1299 1100 potius
1321 1036 1382 1083 de
1400 1037 1557 1102 ipsum
1581 1054 1667 1084 au-

243 1109 407 1158 dacter
428 1121 475 1158 et
498 1111 714 1158 animose
742 1112 1081 1177 exspectando.
1110 1115 1239 1171 Quos
1264 1123 1423 1160 autem
1447 1114 1668 1179 pulveres

243 1205 268 1236 a
293 1189 436 1254 longe
457 1189 641 1237 viderat
655 1227 666 1248 ‚
691 1191 949 1238 excitarant
972 1194 1264 1238 Francorum
1287 1193 1415 1256 equi,
1436 1209 1559 1256 quos
1578 1194 1669 1258 ipsi

243 1285 356 1315 cum
382 1268 570 1315 famulis
601 1278 649 1316 et
675 1269 995 1333 mangonibus
1026 1287 1052 1316 e
1083 1270 1248 1317 castris
1275 1270 1576 1330 dimiserant,
1605 1270 1668 1318 ad

242 1346 348 1393 loca
377 1346 689 1393 deducendos
721 1347 770 1393 in
802 1347 975 1411 quibus
998 1348 1264 1394 necessaria
1292 1347 1359 1394 eis
1386 1347 1564 1412 pabula
1593 1349 1668 1394 in-

243 1423 395 1470 veniri
411 1434 631 1488 possent;
649 1441 748 1471 non
772 1425 901 1471 enim
922 1424 982 1471 de
1001 1424 1127 1489 fuga,
1148 1425 1231 1471 sed
1254 1424 1315 1471 de
1340 1426 1667 1490 permanentia

242 1502 535 1565 cogitarant,
571 1503 654 1566 qui
685 1504 753 1549 sic
788 1520 940 1567 equos
970 1520 1081 1550 suos
1113 1504 1394 1563 emiserant,
1427 1522 1515 1569 per
1544 1522 1668 1569 quos

243 1579 310 1627 eis
332 1596 440 1644 spes
466 1580 836 1645 praesidiumque
866 1581 915 1627 in
947 1580 1081 1644 fuga,
1117 1581 1155 1627 si
1185 1580 1246 1627 de
1278 1597 1334 1629 ea
1355 1583 1664 1645 cogitassent,

243 1674 344 1705 esse
369 1659 652 1723 potuissent.
1528 1665 1536 1670 '

712 1834 1054 1879 CAPITULUM
1088 1835 1190 1880 Vll.

242 1967 410 2003 Proelium
441 1969 539 2017 apud
568 1971 840 2017 castellionem,
870 1971 908 2005 in
945 1983 1017 2017 quo
1043 1970 1212 2006 dominus
1245 1971 1290 2006 de
1321 1971 1453 2005 Talebot
1484 1984 1566 2006 cum
1598 1973 1669 2007 suis

291 2030 446 2077 Anglicis
471 2031 549 2066 caesi
573 2032 738 2075 fuerunt,
756 2041 789 2067 et
812 2041 893 2079 post
918 2032 1114 2080 Burdegala
1141 2045 1220 2068 cum
1243 2033 1320 2067 aliis
1340 2033 1508 2067 omnibus
1526 2033 1670 2081 oppidis

291 2097 443 2136 recepta.

308 2199 455 2262 lgitur
485 2216 595 2246 cum
636 2199 699 2247 ad
731 2210 884 2247 castra
912 2202 1207 2248 Francorum
1230 2201 1530 2249 adventasset
1557 2219 1667 2250 cum

243 2277 341 2324 suis
358 2277 598 2342 equitibus
618 2278 968 2343 praecipitanter
981 2279 1140 2339 nimis,
1162 2295 1262 2326 non
1280 2280 1558 2344 exspectatis
1571 2281 1667 2326 suis

244 2353 545 2419 pedestribus
568 2356 718 2420 copiis
741 2366 786 2403 et
818 2355 998 2405 bellicis
1022 2356 1346 2404 instrumentis
1365 2358 1498 2421 (quae
1519 2358 1668 2422 copiae

244 2431 307 2480 ad
330 2449 584 2480 numerum
610 2450 754 2498 supra
783 2433 949 2481 decem
981 2434 1128 2482 millia
1163 2435 1302 2482 fuisse
1327 2434 1662 2499 ferebantur),

244 2520 393 2557 castra
419 2527 690 2575 expugnare
715 2511 940 2559 decrevit.
966 2515 999 2558 A
1025 2529 1120 2576 qua
1143 2513 1407 2560 temeritate
1429 2529 1540 2559 cum
1560 2512 1667 2576 qui-

246 2587 358 2634 dam
373 2587 550 2634 nobilis
571 2588 660 2647 vir,
687 2589 1024 2654 primipilarius
1046 2607 1131 2636 seu
1155 2590 1364 2653 signifer,
1387 2590 1464 2636 cui
1486 2605 1663 2636 nomen

245 2675 345 2712 erat
365 2664 572 2712 Thomas
596 2667 911 2731 Evrzhglzam,
938 2684 1048 2714 eum
1074 2667 1321 2714 dimovere
1347 2666 1512 2725 vellet,
1540 2668 1665 2731 peri-

245 2742 407 2790 culum
431 2743 510 2789 cui
532 2759 580 2790 se
603 2753 649 2790 et
673 2760 784 2791 suos
813 2744 1069 2808 objiciebat
1092 2745 1368 2802 ostendens,
1393 2743 1667 2809 prudentis-

246 2821 363 2867 sime
405 2820 647 2868 indicabat
678 2822 812 2885 quod
843 2822 1158 2870 verisimiliter
1190 2822 1279 2869 sibi
1317 2823 1507 2886 suisque
1547 2822 1668 2869 foret
