2086 3528
407 398 483 434 3116
787 393 1129 430 HISTORIARUM
1156 394 1337 431 CAROLI
1365 394 1434 430 VII

407 480 531 526 vitor
553 488 699 526 noctu
721 476 984 524 adventans
1003 492 1110 522 cum
1135 492 1233 523 una
1258 485 1340 523 aut
1361 493 1469 524 cum
1491 476 1676 524 duabus
1699 476 1822 524 mio-

406 557 670 622 paronibus
706 557 848 619 (quas
884 553 1055 617 galleas
1088 553 1281 600 subtiles
1309 571 1392 601 seu
1416 556 1649 602 cursorias
1678 554 1822 620 vulgo

406 632 699 700 appellant),
736 631 961 678 eumdem
995 630 1229 678 Jacobum
1263 631 1454 693 Cordis,
1500 635 1595 679 suis
1636 632 1825 697 adjutus

407 710 684 759 satellitibus
699 747 711 771 ,
735 709 795 756 de
826 718 1070 755 conventu
1098 708 1337 755 dictorum
1361 711 1572 757 Fratrum
1597 710 1820 768 extraxit,

407 794 454 831 et
477 785 526 830 in
551 784 884 847 mioparonem
903 781 1209 846 deportatum
1232 781 1399 828 vinclis
1421 781 1643 841 absolvit,
1664 792 1709 830 et
1729 798 1825 828 suae

406 864 607 911 restituit
623 863 847 910 libertati.
876 862 969 919 Qui
991 871 1158 926 postea
1180 878 1207 908 a
1230 878 1419 908 summo
1436 861 1661 926 pontifice
1686 862 1825 909 Nico-

406 940 484 987 lao
506 943 519 966 ¹
546 938 831 1004 quibusdam
856 937 1014 1002 galleis
1039 938 1348 1002 praepositus,
1375 954 1493 1001 quas
1515 948 1683 985 contra
1717 937 1826 985 infi-

409 1017 538 1065 deles
561 1026 825 1064 armaverat
840 1053 852 1076 ,
872 1032 982 1062 cum
1004 1025 1254 1062 strenuum
1278 1032 1328 1062 se
1348 1014 1592 1079 aliquanto
1610 1025 1828 1081 tempore

408 1096 458 1142 in
486 1093 767 1158 hujusmodi
797 1092 952 1139 navali
986 1092 1261 1157 praebuisset
1283 1092 1507 1139 exercitio
1523 1128 1535 1152 ‚
1562 1109 1693 1139 mors
1715 1091 1828 1140 inde

408 1182 653 1220 contracta
682 1188 792 1218 eum
819 1170 881 1217 ad
922 1169 1179 1217 feliciorem
1216 1171 1364 1218 vitam
1403 1187 1459 1217 ex
1494 1170 1585 1217 hac
1622 1168 1829 1217 instabili

408 1252 515 1298 luce
540 1250 755 1297 evocavit
779 1251 793 1273 ²
820 1267 829 1295 :
864 1249 1019 1295 virum
1056 1249 1234 1313 quippe
1270 1249 1372 1296 sine
1395 1248 1560 1295 litteris
1583 1247 1722 1294 valde
1755 1247 1829 1293 in-

410 1328 551 1391 genio
591 1327 870 1386 callentem,
906 1336 953 1372 et
991 1326 1039 1372 in
1072 1325 1327 1372 mundanis
1366 1325 1552 1373 actibus
1585 1323 1831 1372 oculatum

410 1406 548 1453 valde
573 1415 620 1453 et
642 1405 951 1452 industrium.
1164 1401 1167 1406 ’
1822 1406 1824 1414 ⁴

474 1485 591 1542 Quis
611 1493 771 1531 autem
788 1481 1045 1547 aliquando
1062 1483 1292 1530 aestimare
1308 1483 1538 1548 potuisset
1556 1492 1609 1529 ut
1635 1481 1832 1530 Carolus

409 1578 511 1620 rex,
554 1562 631 1608 cui
666 1571 764 1608 tam
799 1560 1002 1607 fideliter
1038 1576 1094 1607 ac
1131 1560 1298 1607 sedulo
1335 1560 1650 1619 ministrarat,
1689 1569 1736 1607 et
1770 1559 1832 1608 ad

410 1640 544 1703 cujus
586 1649 768 1686 tantam
795 1638 1160 1685 familiaritatem
1182 1648 1351 1702 atque,
1377 1647 1431 1685 ut
1455 1655 1482 1685 a
1503 1638 1686 1685 cunctis
1708 1637 1832 1685 aesti-

410 1716 647 1775 mabatur‚
682 1716 939 1763 amicitiam
975 1725 1261 1775 accesserat,
1296 1715 1344 1761 in
1384 1732 1495 1762 eum
1530 1724 1696 1780 postea
1734 1723 1834 1762 tam

411 1794 558 1840 durus
597 1802 644 1839 et
679 1809 869 1839 severus
904 1809 1004 1839 esse
1035 1792 1297 1857 potuisset?
1328 1792 1420 1839 Sed
1455 1791 1627 1857 procul
1660 1789 1830 1851 dubio,

409 1870 646 1936 quidquid
665 1871 714 1917 in
737 1887 848 1917 eum
866 1869 1208 1916 obtenderetur
1227 1869 1438 1916 criminis
1454 1869 1603 1930 unde,
1624 1867 1833 1916 conficto
1867 1896 1869 1901 ι

409 1948 570 1995 colore
592 1947 806 2011 justitiae,
827 1947 926 2011 ejus
947 1946 1189 1993 damnatio
1215 1955 1471 2012 peteretur,
1495 1945 1653 1992 solum
1675 1955 1832 1992 tamen

409 2025 527 2073 illud
559 2026 608 2072 in
640 2042 751 2072 eum
786 2025 907 2088 regis
949 2023 1255 2072 acerbitatem
1300 2023 1605 2083 accenderat,
1643 2022 1776 2088 quod
1805 2039 1834 2070 a

412 2104 714 2167 nequissimis
761 2101 1053 2150 delatoribus
1098 2102 1275 2149 dictam
1311 2101 1561 2166 pulchram
1607 2104 1833 2163 Agnetem

412 2182 569 2229 toxico
591 2181 840 2247 appetiisse
862 2190 1133 2244 suggestum
1151 2180 1289 2242 regiis
1311 2178 1506 2226 auribus
1528 2177 1834 2243 affictumque

411 2259 579 2307 fuerat.
623 2259 690 2305 De
725 2275 822 2321 quo
860 2258 974 2305 inde
1017 2267 1065 2304 et
1105 2256 1329 2304 omnibus
1373 2255 1473 2303 aliis
1511 2254 1602 2302 sibi
1639 2254 1834 2319 objectis

412 2335 716 2395 criminibuS,
747 2352 856 2382 cum
887 2335 948 2382 ad
978 2335 1083 2382 vitae
1110 2334 1254 2398 hujus
1287 2333 1549 2398 corporalis
1570 2342 1834 2380 extremum

414 2413 702 2471 devenisset,
729 2428 778 2458 se
801 2428 964 2459 coram
983 2411 1142 2459 multis
1160 2420 1457 2459 sacramento
1475 2427 1651 2474 magno
1668 2427 1835 2476 expur-

415 2506 546 2554 gasse
569 2489 825 2549 ferebatur,
853 2499 900 2536 et
922 2489 1021 2553 regi
1046 2499 1189 2552 atque
1213 2487 1506 2535 delatoribus
1527 2488 1622 2535 suis
1644 2487 1836 2535 veniam

415 2568 624 2630 dedisse,
650 2577 697 2615 et
725 2583 753 2615 a
783 2583 972 2614 summo
1004 2569 1107 2614 Deo
1140 2568 1426 2631 imprecatus
1454 2575 1506 2612 ut
1529 2565 1692 2613 omnia
1713 2565 1763 2612 in
1786 2582 1835 2612 se

416 2706 659 2745 dissertation
681 2706 729 2743 ‹le
748 2708 936 2757 Bonamy,
958 2705 1052 2744 dans
1070 2705 1107 2744 le
1126 2713 1228 2743 tome
1246 2707 1322 2743 XX
1341 2704 1407 2743 des
1424 2707 1627 2743 Me'moires
1645 2704 1693 2741 de
1712 2704 1836 2740 [Ἀσα-

418 2766 540 2802 (le'mie
561 2767 627 2802 des
647 2767 889 2815 Inscriptions
909 2773 947 2802 et
960 2767 1259 2804 Belles‘Lectres.

472 2828 511 2866 1.
541 2826 692 2865 Nicolas
709 2829 755 2865 V.

473 2887 512 2924 2.
543 2888 648 2925 Dans
670 2884 749 2925 l'ile
767 2885 815 2925 de
834 2886 940 2926 Chio.
