2086 3528
735 350 883 388 LIBER
918 351 1120 390 PRIMUS.
1596 354 1614 391 1
1623 355 1641 391 1

219 444 496 502 reputarent
514 450 570 483 ac
589 433 918 495 defensorem3
948 435 1286 500 ejeceruntque
1302 451 1328 482 e
1346 430 1647 500 Rothomago

219 517 481 574 Joannem,
506 512 735 560 comitem
768 512 829 560 de
859 512 1142 562 Alba-Mala1
1165 531 1279 561 cum
1301 513 1425 573 suis,
1451 515 1534 579 qui
1556 514 1648 562 ibi·

222 591 335 640 dem
364 591 643 639 auctoritate
666 590 828 655 regali,
854 608 943 657 pro
967 601 1102 657 parte
1126 590 1563 651 Aurelianensium,
1586 592 1649 641 ad

150 697 154 700 -
223 668 489 717 custodiam
509 667 660 715 fuerat
683 667 969 733 deputatus3
993 678 1040 716 et
1060 668 1238 733 pariter
1261 668 1311 715 in
1331 668 1434 716 aliis
1452 669 1652 718 civitati-

221 745 312 794 bus
334 755 381 794 et
403 745 544 806 locis,
572 746 655 810 qui
676 755 939 811 potuerunt
953 783 966 809 ,
984 745 1046 794 de
1067 746 1165 794 suis
1187 746 1446 812 capitaneis
1463 763 1651 796 earum-

222 823 335 871 dem
350 822 566 888 ¹partium
588 821 866 870 effecerunt.

285 903 441 966 Atque
458 916 515 948 ea
532 910 829 966 tempestate,
845 917 872 948 e
886 899 1100 966 partibus
1112 900 1541 963 Aurelianensium,
1553 901 1651 949 dux

194 1003 198 1007 ·
220 989 363 1044 atque
393 979 617 1045 princeps
649 979 828 1026 militiae
850 979 990 1043 regiae
1021 978 1208 1044 (quem
1238 979 1650 1028 constabularium

218 1057 363 1123 vulgo
389 1057 651 1124 appellant)
674 1067 777 1106 erat
793 1074 958 1105 comes
979 1057 1278 1119 Arminiaci',
1307 1059 1391 1123 qui
1424 1058 1485 1106 de
1514 1060 1652 1106 terris

220 1138 317 1186 suis
339 1146 388 1186 et
405 1137 467 1184 de
486 1136 724 1184 Vasconia
746 1152 972 1200 magnam
989 1145 1264 1200 aggregarat
1281 1136 1518 1185 militiam.
1539 1139 1653 1185 Bur-

219 1217 490 1284 gundiones
513 1233 682 1264 omnes
701 1216 911 1264 adversae
929 1216 1172 1275 factionis,
1192 1216 1537 1282 cujuscumque
1559 1228 1653 1266 sta-
1706 1206 1713 1218 ⁸

218 1305 295 1343 tus
329 1305 472 1360 atque
501 1294 686 1342 ordinis
709 1304 894 1357 essent,
924 1296 1229 1342 Armeniacos
1257 1296 1394 1359 quasi
1418 1295 1653 1362 probrose

220 1374 606 1441 appellaverunt,
627 1373 850 1434 eosdem,
865 1372 975 1421 licet
996 1372 1086 1420 sub
1109 1373 1238 1437 regia
1260 1373 1490 1437 dignitate
1509 1384 1654 1440 atque

221 1451 496 1500 obedientia
546 1461 824 1511 manerent,
870 1451 1080 1499 Gallicos
1120 1467 1203 1498 seu
1254 1454 1462 1499 Francos
1497 1452 1653 1518 nomi-

222 1545 338 1578 nare
371 1547 473 1578 non
508 1529 779 1594 dignantes.
810 1525 980 1576 Videre
1003 1537 1106 1576 erat
1139 1538 1254 1575 tunc
1285 1545 1447 1576 rerum
1483 1529 1655 1577 faciem

221 1617 269 1656 et
299 1616 475 1656 statum
502 1616 606 1654 toto
634 1623 785 1670 regno
808 1606 1027 1654 turbatos
1046 1605 1379 1654 miserabiliter
1405 1623 1416 1653 z
1443 1607 1654 1655 civitates

221 1687 450 1736 adversus
472 1702 574 1735 sese
596 1686 805 1733 invicem
839 1701 974 1733 arma
996 1701 1196 1751 capere,
1223 1700 1279 1732 ac
1301 1685 1581 1733 tumultuari
1604 1686 1653 1733 in

221 1783 319 1815 uua
337 1767 528 1814 civitate
543 1802 555 1825 ,
573 1764 757 1831 oppido
779 1781 861 1812 seu
884 1763 997 1812 villa
1010 1800 1022 1824 ,
1042 1764 1227 1813 vicinos
1254 1773 1425 1812 contra
1441 1763 1651 1828 vicinos3
1702 1803 1705 1807 .

221 1845 321 1892 imo
367 1845 417 1892 in
462 1843 632 1892 eadem
679 1843 829 1891 domo
869 1852 1012 1907 atque
1047 1842 1246 1899 familia,
1286 1842 1452 1890 fratres
1486 1852 1657 1892 contra

223 1923 392 1971 fratres
414 1932 462 1971 et
484 1921 608 1970 filios
630 1931 799 1970 contra
820 1930 1041 1987 parentes
1054 1957 1066 1981 ,
1093 1930 1140 1969 et
1157 1921 1261 1968 vice
1280 1936 1439 1979 versa,
1463 1922 1625 1969 saevire
1639 1960 1652 1983 ,

222 2001 414 2069 probris
435 2011 483 2049 et
515 2000 819 2049 contumeliis
842 2016 945 2048 sese
970 1998 1183 2061 afficere,
1210 1999 1312 2047 aliis
1338 1999 1402 2047 ad
1432 1999 1552 2048 alios
1580 2001 1656 2048 vel

224 2079 576 2145 Burgundionis
603 2095 808 2140 nomen,
835 2078 910 2126 vel
934 2078 1226 2139 Armeniaci,
1253 2077 1657 2144 exprobrantibus

223 2169 271 2207 et
282 2176 373 2226 pro
391 2159 600 2207 maxima
621 2158 795 2222 injuria
819 2166 963 2222 atque
980 2156 1273 2205 contumelia
1293 2157 1654 2222 reputantibus,

224 2237 400 2287 deinde
435 2237 497 2286 ad
528 2236 729 2285 verbera
753 2246 801 2284 et
823 2235 975 2284 caedes
1005 2235 1242 2302 prosilire.
1273 2238 1462 2300 Itaque,
1487 2235 1658 2302 procul

224 2316 395 2380 dubio,
422 2316 732 2365 seminarium
755 2314 881 2383 illud*
898 2314 1177 2381 pestiferum
1196 2323 1340 2378 atque
1362 2313 1658 2362 virulentum

226 2394 493 2456 bellorum,
526 2394 778 2443 turbarum
798 2402 845 2442 et
862 2393 1156 2442 seditionum
1173 2393 1337 2440 omnia
1360 2410 1496 2459 poene
1524 2395 1658 2458 regni

227 2472 333 2520 loca
346 2473 634 2539 repleverat,
653 2473 703 2519 in
725 2489 879 2537 eoque
902 2472 1025 2520 adeo
1049 2471 1141 2519 alte
1163 2471 1347 2520 radices
1370 2472 1585 2534 miserat,
1604 2483 1659 2520 ut

228 2552 306 2599 vix
318 2561 428 2617 post
449 2568 603 2599 annos
626 2551 973 2616 quinquaginta
995 2551 1244 2616 exstirpari
1261 2560 1405 2616 atque
1428 2550 1659 2597 eradicari

228 2628 290 2677 ab
303 2645 362 2677 eo
384 2630 619 2695 potuerit;
642 2630 742 2677 imo
766 2638 896 2677 certe
919 2645 1010 2677 nec
1036 2627 1312 2689 adhuc,his
1334 2626 1653 2693 temporibus,

286 2803 304 2838 1
315 2833 324 2842 .
355 2803 451 2838 Jean
467 2798 516 2838 de
532 2801 740 2851 Harcourt,
760 2808 886 2840 comte
898 2796 1115 2840 d'Aumale.

285 2861 324 2898 2.
355 2858 527 2898 Bernard
545 2859 802 2913 d’Armagnao
823 2859 881 2899 fut
894 2859 1123 2900 connetable
1142 2860 1358 2900 seulement
1376 2871 1426 2898 en
1444 2860 1566 2897 14¹5.
