2086 3528
699 363 846 400 LIBER
877 364 1107 410 QUINTUS.
1528 363 1605 399 257

187 462 287 494 non
319 462 408 510 pro
440 461 526 492 sua
549 443 748 491 utilitate
773 454 854 491 aut
879 444 976 492 fisci
999 447 1072 492 sui
1093 455 1375 510 augmento,
1403 445 1487 491 sed
1520 461 1608 509 pro

188 540 356 572 eorum
398 522 642 570 dumtaxat
678 521 829 569 salute
874 540 1033 587 regem
1077 524 1170 571 hoc
1200 524 1422 571 consulto
1458 523 1610 571 facere

187 600 331 658 velle,
362 610 436 657 ut,
459 600 519 647 de
536 599 870 663 hujuscemodi
894 601 1133 665 pecuniis,
1160 618 1304 666 super
1323 619 1372 648 se
1391 611 1437 648 et
1461 601 1608 666 patria

189 697 274 728 sua
295 680 527 741 levandis,
556 680 849 744 stipendium
874 691 1006 728 certo
1030 681 1207 728 militiae
1230 697 1434 728 numero
1457 680 1611 727 solve-

190 769 351 818 retur,
386 774 492 822 quae
527 774 616 822 pro
653 757 798 804 tutela
833 766 880 816 et
916 757 1194 805 defensione
1227 759 1419 824 patriae,
1458 775 1520 805 ne
1551 757 1612 804 ab

188 835 503 899 infestissimis
524 833 742 881 hostibus
760 834 1045 882 detrimenta
1063 845 1362 900 paterentur,
1389 836 1485 883 illic
1507 836 1616 882 fuis-

191 922 262 960 set
290 912 552 971 collocata3
598 928 757 974 regem
791 926 900 971 eos,
930 913 996 958 uti
1034 929 1172 970 suos,
1208 913 1352 959 tutari
1383 912 1530 974 velle,
1568 923 1616 959 et

191 994 242 1041 in
265 1010 382 1059 pace
413 1010 469 1039 ac
494 995 744 1039 securitate
766 991 899 1040 bona
920 993 1188 1053 custodire3
1218 1010 1306 1040 nec
1328 995 1486 1059 ipsum
1521 994 1616 1042 hoc

193 1091 334 1139 grave
355 1083 439 1120 aut
458 1072 711 1119 molestum
731 1074 798 1120 eis
812 1073 986 1121 debere
1005 1074 1184 1133 videri,
1206 1092 1318 1122 cum
1338 1092 1437 1122 non
1463 1076 1618 1123 forent

193 1151 470 1217 hujusmodi
496 1168 612 1216 opes
636 1161 682 1198 et
705 1152 920 1216 pecuniae
942 1169 1038 1199 suae
1060 1153 1120 1199 ad
1154 1162 1302 1201 terras
1335 1153 1511 1201 alienas
1534 1154 1618 1201 de-

194 1229 470 1295 portandae,
506 1229 591 1275 sed
622 1229 750 1293 apud
777 1247 882 1289 eos,
912 1231 994 1293 qui
1031 1245 1110 1277 eas
1143 1230 1500 1295 dependerent,
1536 1248 1619 1296 per

194 1307 390 1355 eosdem
407 1306 578 1353 milites
593 1308 934 1371 expendendae,
952 1319 997 1355 et
1011 1309 1222 1372 quodam
1230 1309 1375 1356 modo
1391 1310 1439 1355 in
1455 1309 1621 1358 bursas

194 1401 389 1444 eorum,
419 1401 445 1431 a
464 1383 638 1448 quibus
663 1385 950 1444 levarentur,
977 1386 1310 1446 refundendae3
1335 1404 1493 1451 regem
1522 1404 1621 1434 non

195 1463 583 1510 irrationabiliter
598 1462 809 1510 hostium
826 1501 837 1521 ,
857 1463 945 1511 sub
962 1482 1169 1528 quorum
1183 1465 1367 1512 ditione
1378 1482 1465 1530 per
1480 1467 1623 1530 longa

199 1551 325 1587 retro
373 1549 589 1604 tempora
638 1542 979 1601 constitissent,
1021 1543 1161 1590 dolos
1177 1580 1188 1600 ‚
1237 1543 1624 1591 machinamenta

198 1627 343 1681 atque
371 1617 567 1663 insidias
593 1617 874 1677 formidare3
904 1635 1018 1666 nam
1048 1637 1159 1666 cum
1184 1620 1275 1666 illis
1297 1621 1625 1669 commodita-

199 1693 351 1751 tibus,
387 1709 505 1758 quas
540 1693 600 1740 de
635 1695 771 1741 terris
807 1695 894 1742 illis
929 1706 976 1742 et
1016 1697 1063 1742 in
1098 1697 1208 1762 ipsis
1250 1707 1440 1761 captare
1491 1708 1626 1745 erant

199 1772 351 1832 soliti,
373 1772 585 1836 privatos
607 1789 656 1818 se
673 1782 816 1837 atque
840 1773 1095 1820 destitutos
1108 1774 1438 1839 experimento
1455 1793 1626 1839 agnos-

201 1858 393 1908 cerent,
444 1849 667 1896 annisum
706 1867 999 1915 omnemque
1038 1861 1268 1899 conatum
1312 1854 1628 1901 verisimiliter

202 1928 409 1979 facturos
433 1943 534 1974 esse
552 1964 564 1988 ,
597 1937 651 1974 ut
671 1928 747 1975 vel
781 1938 884 1975 astu
902 1966 914 1990 ,
939 1929 1015 1976 vel
1049 1929 1242 1990 fraude,
1270 1947 1352 1977 seu
1379 1947 1626 1978 armorum

202 2005 415 2072 potentia
445 2006 694 2062 amissum,
731 2006 770 2053 si
802 2022 898 2070 qua
930 2017 1127 2072 possent
1153 2009 1255 2069 via,
1291 2020 1627 2073 recuperarent

202 2083 481 2149 imperium3
510 2083 623 2129 inde
645 2083 811 2130 solitos
835 2084 965 2149 ipsos
987 2095 1030 2132 et
1054 2100 1256 2148 regnum
1276 2086 1455 2150 Angliae
1474 2087 1628 2151 (quod

203 2162 353 2209 vineis
368 2162 516 2222 caret)
538 2160 884 2210 abundantiam
907 2162 1087 2210 habere
1107 2165 1359 2224 vinorum;
1387 2165 1483 2212 illic
1503 2183 1628 2231 pan-

204 2257 295 2287 nos
322 2256 436 2287 suos
457 2238 668 2304 aliasque
703 2257 909 2299 merces,
938 2241 1112 2306 quibus
1140 2242 1415 2302 abundant,
1442 2243 1628 2290 deferre

205 2317 535 2377 consuevisse,
573 2327 619 2365 et
653 2318 767 2365 inde
798 2335 884 2384 per
915 2319 1166 2383 Hispanias
1191 2329 1475 2384 caeterasque
1499 2320 1628 2383 adja-

206 2404 366 2442 centes
402 2395 621 2457 regiones
655 2395 940 2443 distribuere
969 2406 1017 2443 et
1048 2396 1324 2455 effundere3
1365 2398 1493 2444 unde
1528 2414 1627 2443 non

207 2473 374 2535 exigua
398 2471 465 2518 eis
486 2471 617 2519 lucra
632 2511 645 2529 ,
672 2482 817 2537 atque
842 2474 985 2520 etiam
1010 2474 1123 2537 ipsis
1142 2473 1570 2538 Burdegalensibus
1583 2483 1629 2519 et

207 2551 581 2618 provincialibus
604 2553 951 2617 proveniebant
975 2564 1021 2601 et
1045 2554 1331 2614 commoda3
1360 2554 1491 2618 quod
1515 2554 1553 2600 si
1582 2571 1630 2600 se

210 2629 451 2695 perditum
468 2630 541 2690 iri,
563 2639 609 2676 et
625 2630 766 2678 tantis
786 2648 835 2678 se
851 2632 1078 2679 itinerum
1094 2633 1394 2680 committere
1411 2632 1631 2695 periculis

211 2707 337 2755 ultro
359 2716 670 2772 appeterent,
706 2723 868 2772 regem
902 2709 953 2757 id
979 2710 1177 2757 minime
1213 2711 1309 2775 pati
1344 2726 1433 2774 pro
1465 2725 1633 2755 eorum

211 2784 411 2832 utilitate
434 2784 627 2832 debere.

277 2862 622 2926 Hujuscemodi
658 2873 704 2910 et
737 2862 812 2910 his
842 2863 1076 2911 similibus
1109 2863 1435 2923 sermonibus,
1463 2865 1639 2928 quibus

322 2952 338 2976 1
1428 2943 1479 2980 17
