2086 3528
682 359 830 395 LIBER
856 358 1128 398 SECUNDUS.
1568 360 1611 397 81

196 439 314 487 sime
334 447 539 504 exceptae
557 448 605 486 et
625 440 676 486 in
701 438 893 505 publica
911 440 1211 488 munimenta
1234 439 1453 489 redactae.
1479 441 1617 489 Mira-

194 515 369 564 bantur
391 533 558 564 omnes
582 516 730 564 ferme
752 517 887 582 quod
915 517 978 565 ad
1000 518 1398 582 interrogationes
1420 518 1482 567 de
1505 518 1617 567 fidei

123 598 126 604 '
195 594 430 660 capituliS,
457 595 601 642 etiam
624 594 779 643 doctis
807 606 855 643 et
875 596 1092 645 litteratis
1114 598 1227 645 viris
1249 598 1359 646 satis
1382 597 1613 656 difficiles,

194 673 297 722 talis
351 674 591 722 rusticana
636 675 896 739 juvencula
937 685 1037 724 tam
1082 676 1347 742 prudenter
1393 687 1440 725 et
1481 687 1619 726 caute

193 750 521 816 responderet.
562 754 621 798 Et
642 769 794 817 quum
820 769 1138 813 assessorum,
1163 754 1247 818 qui
1275 754 1431 803 acrius
1454 764 1501 802 et
1523 755 1621 803 fer-

194 829 381 892 ventius
415 830 680 894 Anglorum
714 830 919 895 querelae
944 830 1156 878 fautores
1180 840 1324 896 atque
1346 831 1622 880 defensores

194 908 497 969 exsistebant,
515 918 616 956 tota
636 908 696 956 ad
717 909 813 957 hoc
836 919 1106 957 versaretur
1119 909 1343 972 intentio,
1364 920 1418 957 ut
1439 910 1622 959 callidis

195 996 242 1034 et
277 987 499 1052 captiosis
531 987 989 1050 interrogationibus
1026 996 1188 1053 capta,
1225 987 1439 1035 criminis
1471 987 1622 1036 haere-

194 1081 301 1112 seos
324 1065 681 1130 adjudicaretur
714 1083 812 1126 rea,
839 1077 886 1114 et
912 1083 996 1131 per
1016 1066 1113 1114 hoc
1143 1065 1206 1114 de
1241 1065 1404 1114 medio
1435 1067 1624 1115 tollere·

195 1151 288 1204 tur,
314 1143 434 1190 nihil
458 1153 617 1191 tamen
641 1143 856 1191 validum
885 1153 968 1191 aut
990 1142 1155 1192 efficax
1177 1143 1242 1192 ad
1263 1143 1360 1191 hoc
1391 1160 1449 1191 ex
1477 1145 1624 1209 ipsius

195 1219 332 1270 dictis
347 1231 430 1269 aut
448 1221 788 1270 ‘assertionibus
808 1221 1056 1269 extrahere
1077 1231 1358 1287 potuerunt.

259 1302 431 1348 Fuerat
452 1301 582 1348 enim
604 1317 786 1363 revera,
813 1311 866 1348 ut
888 1300 949 1349 ab
969 1300 1045 1348 his
1064 1301 1148 1365 qui
1172 1300 1273 1364 ejus
1298 1302 1625 1349 conversatio·

186 1383 308 1430 'nem
331 1387 379 1425 et
409 1394 569 1425 mores
599 1387 927 1442 cognoverant
954 1377 1234 1437 testabatur,
1261 1378 1544 1443 priusquam
1566 1379 1627 1426 ad

195 1470 358 1519 regem
391 1456 691 1516 accessisset,
729 1472 785 1503 ac
813 1456 959 1504 etiam
982 1466 1240 1522 postquam
1271 1456 1395 1503 inter
1419 1466 1627 1504 armato-

194 1548 306 1580 rum
327 1532 553 1580 cohortes
572 1532 825 1581 obversata
850 1534 955 1594 suit,
979 1534 1185 1581 multum
1208 1533 1385 1581 devota
1401 1572 1414 1595 ‚
1440 1536 1629 1598 quoties

195 1619 411 1675 poterat,
439 1610 662 1658 ecclesias
681 1621 728 1659 et
746 1612 958 1659 oratoria
991 1612 1316 1675 frequentans.
1345 1610 1440 1659 Ubi
1468 1622 1629 1660 autem

196 1686 258 1736 de
280 1704 391 1735 rure
412 1687 659 1754 pascendo
687 1690 854 1754 pecori
878 1689 1133 1749 insisteret,
1161 1690 1200 1736 si
1231 1688 1419 1737 audiret
1440 1706 1631 1756 campa-

196 1783 270 1815 nae
292 1783 470 1815 sonum
488 1785 579 1833 pro
603 1768 870 1817 elevatione
893 1768 1044 1815 divini
1067 1769 1285 1834 corporis
1311 1778 1359 1816 et
1385 1770 1630 1833 sanguinis

197 1845 274 1894 vel
310 1863 401 1912 pro
436 1845 723 1894 salutatione
743 1846 896 1894 beatae
923 1847 1106 1907 Mariae,
1133 1863 1245 1894 cum
1273 1864 1450 1911 magno
1484 1847 1629 1896 devo-

197 1923 342 1971 tionis
380 1924 568 1972 fervore
603 1925 740 1973 solita
766 1934 867 1972 erat
890 1941 1015 1988 genu
1041 1924 1232 1972 flectere
1254 1934 1301 1972 et
1333 1928 1488 1972 Deum
1512 1942 1627 1973 exo-

198 2019 319 2050 rare.
347 2001 443 2049 Sed
480 2012 527 2050 et
558 2006 662 2050 Deo
695 2019 832 2051 suam
851 2003 1039 2050 vovisse
1067 2002 1389 2067 virginitatem
1423 2002 1630 2051 affirma-

200 2080 283 2128 bat
309 2099 319 2127 :
347 2079 408 2128 de
439 2081 574 2145 cujus
613 2081 892 2141 violatione,
925 2080 1038 2128 licet
1068 2080 1149 2127 diu
1184 2081 1308 2127 inter
1332 2091 1628 2129 armatorum

201 2174 363 2222 greges
391 2168 438 2205 et
469 2159 828 2225 impudicorum
864 2175 920 2207 ac
953 2158 1171 2207 moribus
1196 2158 1630 2224 perditissimorum

201 2235 415 2283 virorum
432 2237 596 2284 fuisset
622 2246 931 2299 conversata,
960 2253 1213 2302 nunquam
1236 2245 1397 2284 tamen
1419 2237 1627 2302 aliquam

201 2313 449 2361 infamiam
470 2315 682 2380 pertulit.
710 2316 806 2374 Qui
834 2315 988 2375 nimo,
1031 2331 1142 2362 cum
1178 2331 1266 2380 per
1295 2315 1519 2363 mulieres
1553 2333 1631 2364 ex-

202 2401 378 2456 pertas,
403 2392 549 2440 etiam
576 2394 701 2441 inter
724 2393 988 2457 Anglorum
1022 2393 1248 2441 exsistens
1271 2410 1461 2454 manus,
1487 2412 1632 2460 super

203 2484 289 2515 sua
334 2470 600 2534 integritate
637 2472 909 2519 examinata
952 2472 1263 2537 inspectaque
1298 2471 1487 2532 fuisset,
1529 2490 1631 2520 non

204 2545 335 2594 aliud
358 2546 419 2594 de
444 2564 501 2596 ea
523 2551 726 2615 experiri
760 2559 1024 2616 potuerunt
1047 2565 1137 2596 nec
1160 2549 1360 2610 inferre,
1387 2551 1477 2598 nisi
1498 2551 1632 2615 quod

203 2624 487 2673 intemerata
507 2627 754 2692 virginalia
773 2629 977 2677 claustra
1001 2638 1226 2676 servaret.
1249 2629 1516 2676 Excusabat
1532 2630 1634 2694 ipsa

204 2701 354 2750 virilis
381 2704 524 2751 vestis
551 2705 774 2753 habitum
795 2717 939 2772 atque
962 2716 1309 2772 tegumentum,
1339 2715 1630 2771 praeceptum

206 2777 268 2828 de
290 2780 579 2828 assumendo
597 2793 644 2830 et
663 2784 844 2832 utendo
868 2802 926 2832 eo
952 2794 1095 2849 atque
1119 2785 1264 2832 armis
1292 2783 1522 2830 divinitus
1541 2783 1632 2830 sibi

208 2855 385 2905 factum
408 2874 636 2921 asserens,
664 2877 725 2909 ne
751 2863 897 2924 viros,
917 2863 1040 2909 inter
1063 2878 1185 2926 quos
1209 2861 1291 2910 diu
1315 2870 1560 2926 noctuque
1586 2862 1634 2909 iu

316 2950 331 2974 1
1450 2940 1472 2977 6
