2086 3528
561 344 637 380 160
945 339 1288 377 HISTORIARUM
1314 339 1495 378 CAROLI
1525 342 1596 378 VII

547 436 608 475 ⁴et
642 426 800 491 ipsum
836 422 934 469 ullo
969 438 1186 486 unquam
1214 439 1315 470 aevo
1359 425 1612 473 amittendi
1656 428 1870 492 periculo
1901 446 1980 479 su-

559 503 719 551 blatis.

625 583 687 631 Ut
716 577 857 641 igitur
880 575 942 624 ad
973 585 1147 623 nostrae
1177 578 1464 626 narrationis
1499 581 1696 642 seriem,
1725 593 1982 649 postquam

557 658 700 721 hujus
728 656 901 720 reginae
932 657 1202 719 Margarctae
1230 657 1535 705 et.secundas
1565 669 1612 707 et
1636 660 1859 710 adversas
1884 663 1982 711 for-

557 745 699 784 tunas
722 735 928 783 breviter
949 735 1338 800 perstrinximus,
1363 746 1679 800 revertamur,
1707 749 1908 804 treugae,
1930 753 1982 790 ut

558 813 765 860 diximus
781 849 793 873 ‚
810 813 933 860 inter
949 829 1083 876 reges
1098 822 1144 860 et
1159 828 1301 877 regna
1316 812 1512 861 firmatae
1527 816 1737 880 primum
1761 817 1953 866 fuerunt
1963 854 1977 879 ,

557 907 685 937 anno
729 899 949 938 currente
984 891 1238 937 dominicae
1282 891 1619 940 incarnationis
1640 911 1940 943 mccccxun.
1959 933 1974 955 ,

557 985 720 1016 mense
738 969 876 1032 junio
895 972 930 1029 ¹3
957 978 1003 1016 et
1026 985 1053 1017 e
1078 968 1267 1016 diverso
1290 969 1459 1015 Franci
1486 986 1600 1017 cum
1621 973 1782 1037 Anglis
1814 973 1981 1037 viginti

557 1057 667 1094 octo
687 1048 823 1093 annis
843 1046 1144 1107 dimicarant‚
1171 1056 1217 1093 et
1235 1062 1426 1110 guerras
1450 1046 1686 1096 duxerant
1707 1060 1850 1116 atque
1865 1068 1979 1117 pro·

556 1133 810 1171 traxerant.
834 1128 888 1170 In
912 1141 1010 1189 quo
1033 1124 1234 1171 articulo
1254 1124 1598 1173 convenienter
1619 1125 1700 1173 hic
1722 1126 1864 1192 hujus
1886 1129 1980 1177 his-

556 1203 689 1249 toriae
711 1212 886 1255 nostrae
908 1202 1031 1249 liber
1054 1203 1223 1250 tertius
1244 1202 1446 1249 modum
1468 1204 1685 1269 accipiet.

611 1338 648 1374 1.
681 1339 824 1376 Erreur
841 1337 889 1376 de
908 1337 995 1376 date
1011 1336 1075 1389 qui
1094 1346 1150 1376 est
1166 1350 1279 1375 cause
1299 1336 1347 1376 dc
1366 1336 1652 1377 l'interversion
1669 1337 1736 1377 des
1757 1338 1841 1379 faits
1859 1343 1977 1392 qu’on

555 1409 805 1448 teman-quera
828 1398 922 1437 dans
947 1399 1003 1437 les
1026 1397 1219 1450 chapitres
1243 1397 1430 1438 suivants.
1454 1401 1582 1437 L’acte
1606 1398 1674 1437 des
1696 1399 1824 1439 traves
1844 1409 1901 1440 est
1923 1400 1978 1442 du

555 1458 606 1495 28
628 1458 704 1496 mai
725 1460 843 1497 1444.

1007 1976 1180 2000 EXPLICIT
1209 1977 1318 2002 mmm
1346 1979 1512 2006 TERTIUS.
