2086 3528
533 370 608 407 224
915 371 1255 409 HISTORIARUM
1281 372 1461 411 CAROLI
1489 374 1558 410 VII

532 452 697 499 riensis
720 452 944 498 dominus
978 453 1038 500 de
1067 453 1227 500 Talbot
1246 490 1258 514 ,
1287 455 1453 502 dolum
1482 456 1582 520 ipse
1620 456 1936 520 persentiens,

532 529 593 576 ad
631 528 1008 592 restringendum
1052 531 1315 595 periculum
1348 532 1603 580 advolavit.
1643 533 1737 590 Qui
1769 549 1882 581 cum
1912 550 1941 581 a

532 616 664 670 tergo
699 607 1104 671 conspiratoribus
1134 609 1413 669 imminens,
1455 609 1714 658 nonnullos
1740 627 1799 657 ex
1829 611 1941 676 ipsis

530 685 874 739 interemisset,
900 684 1016 732 alios
1040 685 1202 733 relicto
1229 703 1369 734 muro
1392 687 1452 734 ad
1475 687 1648 735 domus
1673 703 1780 735 suas
1803 688 1939 736 aufu-

531 778 639 824 gere
655 798 666 818 ,
696 761 812 809 alios
829 772 956 810 metu
982 763 1274 810 imminentis
1297 763 1438 827 gladii
1459 781 1486 812 e
1510 765 1716 812 turribus
1734 775 1781 812 et
1800 781 1939 812 muro

529 855 630 886 sese
659 840 707 886 in
742 839 918 887 vallum
955 841 1244 906 praecipitare
1266 841 1437 905 adegit.
1473 843 1615 900 Quod
1637 843 1940 909 inspicientes

530 917 696 964 Franci
718 927 765 965 et
795 928 969 965 conatu
993 935 1042 965 se
1072 918 1317 965 frustratos
1349 930 1716 983 cognoscentes,
1744 918 1939 967 insidias

529 996 777 1060 suspicati,
803 1005 930 1043 retro
962 995 1136 1060 pedem
1163 997 1337 1044 referre
1358 997 1512 1044 coacti
1538 1007 1649 1044 sunt
1675 1007 1720 1044 et
1747 997 1936 1057 abire¹3

529 1089 555 1120 e
578 1074 729 1138 portis
749 1084 910 1121 autem
932 1073 1212 1121 exeuntibus
1236 1074 1471 1138 AngliciS‚
1494 1091 1617 1138 quos
1641 1091 1699 1122 ex
1726 1074 1933 1136 civibus,

528 1153 610 1216 qui
634 1169 683 1199 se
705 1152 962 1217 praecipitio
992 1151 1252 1213 dederant,
1280 1153 1590 1213 invenerunt,
1618 1152 1700 1216 qui
1724 1152 1937 1218 ex'lapsu

528 1229 758 1277 debilitati
781 1229 1007 1277 membris
1029 1246 1114 1295 per
1134 1229 1292 1294 sugam
1311 1230 1511 1277 evasisse
1531 1246 1630 1276 non
1651 1239 1906 1295 potuerant
1920 1267 1933 1292 ,

528 1307 669 1355 variis
692 1307 935 1355 confossos
970 1307 1244 1355 vulneribus
1277 1307 1654 1355 dilaceraverunt
1675 1316 1722 1354 et
1752 1307 1938 1356 occide·

528 1395 655 1433 runt.
705 1389 942 1432 Intrat-ant
980 1395 1139 1432 autem
1187 1402 1243 1432 ex
1282 1385 1471 1432 Francis
1510 1383 1757 1446 nonnulli,
1796 1385 1937 1451 pauci

528 1478 684 1515 tamen
709 1483 936 1528 numero,
963 1482 1169 1530 quorum
1199 1465 1343 1530 aliqui
1364 1464 1492 1530 apud
1521 1464 1645 1512 cives
1665 1480 1766 1512 sese
1789 1480 1937 1512 occu-

526 1545 719 1593 luerunt
735 1582 747 1606 ‚
773 1561 894 1609 quos
926 1543 1013 1591 sibi
1038 1543 1161 1590 bene
1189 1543 1382 1591 affectos
1405 1551 1756 1608 cognoverant;
1783 1543 1937 1592 caeteri

526 1622 587 1671 ab
614 1621 821 1685 Anglicis
838 1622 965 1687 capti
988 1620 1368 1669 asservabantur.

593 1705 649 1749 Et
671 1701 751 1749 illo
776 1701 924 1750 modo
940 1739 952 1763 ,
980 1718 1068 1768 pro
1096 1700 1174 1749 illa
1196 1701 1300 1749 vice
1319 1739 1329 1761 ,
1349 1701 1571 1749 frustrato
1594 1701 1770 1749 civium
1791 1704 1934 1750 Fran·

526 1797 788 1844 corumque
810 1789 1009 1840 conatu,
1035 1796 1115 1827 rex
1148 1796 1256 1827 cum
1284 1796 1371 1826 suo
1395 1780 1602 1826 exercitu
1633 1778 1694 1826 ad
1727 1789 1932 1827 castrum

527 1858 874 1907 Pontis-Archae
910 1867 957 1905 et
1004 1857 1135 1904 villas
1170 1857 1438 1922 adjacentes
1470 1874 1519 1904 se
1555 1857 1742 1905 reduxit
1767 1860 1796 1903 ¹.
1841 1855 1935 1904 Ubi

525 1953 661 1996 cum,
687 1945 796 2000 post
819 1934 914 1982 hoc
946 1934 1136 1982 duobus
1170 1934 1378 1982 decursis
1410 1934 1598 1995 diebus,
1626 1933 1932 1991 constitisset,

525 2013 808 2076 habitusque
850 2012 1040 2058 interim
1085 2021 1349 2059 conventus
1394 2011 1554 2058 fuisset
1587 2010 1715 2076 apud
1752 2011 1932 2077 villam,

527 2107 630 2154 quae
674 2090 817 2154 vulgo
853 2088 1463 2136 Portus-Sancti-Audoeni⁸
1494 2087 1773 2153 appellatur,
1813 2088 1937 2136 inter

526 2170 680 2234 regios
704 2168 1055 2216 commissarios
1084 2177 1129 2214 et
1152 2166 1401 2232 deputatos
1430 2165 1688 2230 Anglorum
1709 2175 1852 2230 atque
1872 2166 1937 2214 ci-

527 2248 657 2295 vium
680 2246 893 2311 ejusdem
922 2244 1050 2292 urbis
1065 2246 1103 2302 ⁶,
1132 2246 1181 2291 in
1214 2260 1312 2308 quo
1335 2243 1454 2290 nihil
1478 2242 1733 2291 diffinitum
1755 2243 1933 2304 fuerat,

581 2401 619 2440 1.
650 2402 754 2440 Cette
773 2398 984 2451 entreprise
1002 2406 1067 2437 eut
1088 2397 1165 2437 lieu
1187 2397 1223 2436 le
1244 2399 1295 2436 16
1319 2396 1474 2436 octobre
1499 2400 1616 2437 1449.
1652 2417 1668 2433 ι
1689 2401 1734 2438 In
1756 2398 1830 2439 hoc
1850 2407 1936 2439 tru-

527 2459 785 2501 culentissimo
815 2458 994 2497 conflictu
1021 2457 1217 2510 sexaginta
1245 2457 1389 2510 egregii
1413 2470 1433 2495 e
1458 2457 1576 2496 Gallis
1604 2459 1740 2499 armati
1768 2468 1806 2500 et
1834 2459 1936 2500 cives

527 2519 803 2560 occubuerunt.
829 2535 845 2552 ³»
868 2517 1012 2556 Robert
1033 2517 1190 2556 Blondel
1204 2547 1214 2566 ,
1237 2517 1263 2556 l.
1289 2532 1321 2556 c.
1489 2556 1492 2557 γ

581 2584 620 2621 2.
648 2581 679 2620 Il
703 2580 827 2620 s’etait
843 2580 986 2618 avance
1006 2580 1159 2632 jusqu’a
1181 2578 1377 2628 Darnetal,
1400 2581 1504 2618 selon
1523 2583 1616 2620 Jean
1637 2580 1822 2632 Chartier‚
1842 2580 1936 2622 dans

530 2642 741 2694 Godefroy,
762 2656 802 2695 p.
825 2640 915 2680 172.

582 2704 620 2744 3.
652 2701 1028 2748 Port-Saint-Ouen,
1063 2714 1128 2739 sur
1157 2700 1193 2738 la
1224 2698 1355 2749 Seine,
1387 2708 1493 2740 entre
1524 2701 1870 2743 Pont-de-I’Arche
1898 2710 1936 2742 et

527 2765 674 2804 Rouen.

582 2824 619 2863 4.
654 2842 669 2857 «
690 2820 912 2862 Gravissimi
931 2819 1004 2859 viri
1028 2819 1307 2872 archipraesulis
1326 2833 1506 2872 persuasa
1531 2820 1687 2860 assentit
1705 2820 1804 2870 (dux
1823 2823 1933 2861 Sum-

530 2882 702 2935 merseti)
725 2884 828 2935 quod
851 2883 911 2921 vir
939 2880 1092 2935 elegans
1119 2880 1298 2920 officialis
1327 2885 1443 2929 (Jean
1472 2880 1645 2931 Duhosc)
1671 2890 1708 2920 et
1733 2880 1826 2920 civis
1848 2880 1932 2933 qui·
