2086 3528
530 361 608 398 226
904 356 1250 396 HISTORIARUM
1277 355 1461 395 CAROLI
1488 356 1558 394 VII

527 460 670 490 suum
705 442 987 505 elongante‚
1029 440 1189 504 Anglis
1222 439 1283 487 de
1329 438 1549 487 faciendo
1587 437 1950 504 inquisitionem

527 536 673 586 super
705 518 1037 583 conjuratione
1081 517 1287 582 spatium
1321 517 1562 565 indultum
1602 516 1789 578 fuisset,
1828 514 1948 582 quin

527 598 704 645 multos
726 614 783 645 ex
800 595 984 643 civibus
998 633 1010 657 ,
1033 595 1117 660 qui
1134 594 1211 642 vel
1233 604 1452 643 auctores
1476 595 1551 643 vel
1572 594 1831 660 complices
1847 593 1949 641 fue-

523 683 631 722 rant
650 673 994 739 conjurationis
1017 688 1072 720 ac
1087 671 1375 738 proditionis
1389 708 1401 732 ,
1424 672 1719 720 severissime
1735 670 1949 738 punivis-

523 761 644 799 sent.
671 751 815 816 Cujus
837 751 907 799 rei
929 767 1030 798 non
1050 749 1203 815 ignari
1225 749 1315 815 ipsi
1341 750 1497 811 cives,
1520 759 1653 798 metu
1673 747 1946 798 vehementi

521 830 754 878 continuo
793 828 1110 894 angebantur.
1150 830 1273 875 Cum
1306 827 1473 892 igitur,
1513 837 1567 875 ut
1598 827 1942 894 praemisimus,

520 918 642 956 esset
666 908 877 975 populus
912 908 1058 955 totius
1092 905 1224 954 urbis
1258 923 1345 972 per
1380 906 1602 962 ecclesias
1639 907 1838 969 effusus,
1870 922 1946 954 re-

518 997 661 1052 pente
683 987 866 1035 clamor
889 985 1087 1051 quidam
1117 1001 1204 1051 per
1235 984 1475 1033 civitatem
1497 984 1727 1048 obortus,
1769 983 1944 1033 eodem

516 1083 652 1132 paene
699 1074 950 1114 momento
996 1065 1047 1111 in
1088 1063 1359 1129 quibusque
1397 1062 1607 1111 ecclesiis
1651 1062 1943 1130 populorum

515 1160 654 1192 aures
689 1143 934 1209 implevit,
977 1141 1113 1207 quod
1157 1140 1380 1189 videlicet
1429 1140 1562 1204 Angli
1597 1141 1724 1189 cives
1762 1140 1943 1206 ubique

515 1223 823 1288 perimerent.
852 1219 997 1279 Quod
1031 1219 1233 1267 audiens
1266 1218 1492 1284 quidam,
1531 1219 1708 1266 caeteris
1741 1217 1805 1267 ad
1837 1235 1944 1268 suc-

514 1299 810 1348 currendum
836 1307 1067 1363 tantoque
1097 1297 1314 1364 periculo
1346 1296 1678 1344 obsistendum
1710 1297 1938 1362 paratior,

514 1378 708 1426 concito
737 1394 881 1425 cursu
910 1376 973 1424 ad
1005 1376 1177 1423 turrim
1196 1374 1445 1440 Horologii
1472 1375 1676 1423 civitatis
1706 1375 1938 1437 accurrit,

499 1456 562 1502 in
581 1471 677 1520 qua
695 1455 745 1502 in
762 1454 949 1502 excelso
969 1470 1182 1520 appensa
1204 1463 1275 1501 est
1303 1469 1560 1520 campana,
1593 1453 1729 1518 cujus
1750 1453 1909 1501 sonitu
1923 1489 1938 1514 ,

513 1533 588 1580 vel
623 1534 674 1581 in
708 1532 922 1580 hostium
956 1532 1033 1579 vel
1056 1531 1395 1580 incendiorum
1429 1541 1512 1579 aut
1541 1530 1740 1596 hujusce
1770 1529 1941 1597 [modi]

511 1610 759 1676 periculis,
785 1609 1022 1676 populum
1045 1610 1307 1658 convocari
1326 1619 1470 1675 atque
1493 1610 1544 1656 in
1567 1625 1719 1657 unum
1742 1624 1942 1673 congre-

512 1689 610 1753 gari
633 1688 827 1736 solitum
850 1699 936 1736 est.
960 1688 1055 1747 Qui
1079 1688 1276 1753 pulsans
1298 1689 1452 1755 ipsam
1476 1704 1786 1754 campanam,
1812 1687 1940 1736 illico

510 1778 661 1816 totam
685 1769 925 1816 civitatem
954 1768 1018 1816 ad
1051 1784 1185 1816 arma
1216 1769 1498 1817 commovit.
1527 1768 1696 1816 Statim
1727 1767 1936 1835 quippe,

509 1846 787 1894 inundantis
810 1847 1035 1895 torrentis
1056 1847 1231 1909 instar,
1258 1863 1359 1894 non
1379 1846 1659 1912 exspectatis
1689 1847 1940 1895 missarum

510 1934 558 1972 et
589 1942 838 1973 sacrorum
871 1925 1268 1991 complementis,
1309 1925 1519 1972 universi
1552 1925 1848 1987 exsilientes,
1877 1923 1940 1974 ad

509 2003 683 2050 domos
713 2020 822 2050 suas
844 2013 891 2051 et
909 2020 1041 2051 arma
1064 2003 1369 2070 corripienda
1391 2013 1768 2065 concurrerunt;
1793 2013 1938 2069 atque

507 2082 626 2129 alter
650 2081 852 2129 alterum
879 2098 1056 2147 magno
1091 2083 1255 2130 animo
1287 2081 1598 2129 adhortantes
1629 2091 1676 2129 et
1704 2081 1935 2146 adjuvan·

508 2170 609 2220 tes,
654 2176 740 2225 per
769 2177 938 2207 omnes
969 2169 1138 2208 stratas
1176 2169 1223 2207 et
1256 2158 1436 2225 plateas
1472 2159 1675 2207 civitatis
1710 2158 1937 2226 repagula

506 2249 552 2286 et
576 2238 868 2285 munitiones
892 2238 1018 2286 illico
1044 2247 1392 2286 exstruxerunt.
1430 2237 1689 2285 Trahentes
1722 2238 1852 2286 enim
1877 2255 1937 2288 ex
1961 2291 1972 2302 „

507 2316 688 2365 aedibus
723 2317 820 2364 suis
855 2317 1009 2378 dolia,
1043 2333 1263 2379 scamna,
1298 2316 1512 2379 tabulas,
1550 2318 1690 2367 cistas
1726 2327 1774 2366 et
1805 2335 1935 2384 quae·

506 2410 714 2458 cumque
733 2395 890 2459 lignea
912 2411 994 2442 seu
1020 2394 1333 2455 ferramenta,
1353 2395 1429 2442 vel
1446 2395 1622 2460 quaevis
1641 2395 1734 2443 alia
1756 2395 1820 2444 ad
1839 2395 1935 2445 hoc

507 2483 782 2538 opportuna
797 2474 1110 2535 invenerunt,
1136 2490 1270 2539 paene
1289 2473 1339 2520 in
1358 2483 1631 2535 momento,
1653 2491 1741 2541 per
1766 2491 1935 2524 omnes

507 2552 687 2617 plateas
717 2561 763 2599 et
797 2561 967 2599 stratas
1005 2552 1231 2613 civitatis,
1273 2560 1345 2598 tot
1381 2561 1429 2598 et
1463 2561 1594 2600 tanta
1634 2553 1934 2603 munimenta

506 2640 552 2677 et
586 2629 930 2696 impedimenta
964 2639 1265 2695 posuerunt,
1291 2630 1422 2695 quod
1451 2647 1550 2680 non
1581 2631 1731 2680 modo
1756 2649 1929 2698 equeS,

506 2712 590 2760 sed
634 2730 725 2761 nec
764 2712 913 2779 pedes
950 2713 1119 2778 aliquis
1162 2729 1250 2778 per
1296 2712 1443 2760 ullam
1480 2713 1688 2779 plateam
1731 2713 1932 2763 civitatis

503 2792 739 2839 transiisse
761 2791 1009 2856 potuisset.

571 2872 681 2927 Quo
705 2869 958 2917 subitaneo
984 2868 1188 2917 tumultu
1208 2878 1280 2928 et,
1303 2869 1451 2917 veluti
1471 2868 1668 2919 furentis
1688 2887 1815 2920 aurae
1837 2870 1928 2919 fra-
