2086 3528
521 376 572 413 82
913 371 1258 413 HISTORIARUM
1285 372 1468 411 CAROLI
1494 373 1564 410 VII

523 456 909 524 expeditionibus
929 456 1113 503 bellicis
1144 455 1388 504 obversari
1406 456 1624 516 haberet,
1647 454 1711 503 ad
1733 453 1946 504 illicitam

525 538 598 586 sui
620 537 826 584 alliceret
852 535 1290 599 concupiscentiam
1310 573 1322 595 ‚
1350 535 1389 582 si
1412 535 1640 582 amictum
1663 531 1948 581 muliebrem

526 622 759 682 portasset
781 633 792 673 3
819 613 954 677 quod
975 613 1052 660 vix
1075 612 1292 678 profecto
1311 612 1516 660 inhiberi
1540 613 1789 679 potuisset.

591 691 684 739 Sed
707 701 833 747 certe
848 725 862 749 ,
889 690 1233 754 cujuscumque
1257 690 1307 736 in
1331 707 1388 738 ea
1419 707 1502 738 seu
1526 689 1834 738 simulacrum
1864 705 1949 739 seu

527 770 770 835 specimen
802 768 985 815 virtutis
1004 763 1191 815 elucere
1214 768 1462 833 potuisset,
1488 769 1566 815 vix
1591 777 1692 816 erat
1724 777 1794 829 ut,
1818 766 1949 835 apud

527 864 649 914 quos
686 846 955 907 tenebatur,
998 863 1047 894 se.
1088 846 1322 911 potuisset
1353 845 1641 910 justificare,
1682 862 1794 893 cum
1829 844 1950 894 nihil

528 925 787 973 ferventius
822 934 904 972 aut
936 923 1223 989 propensius
1257 939 1403 987 quam
1434 924 1588 988 ipsam
1615 923 1860 989 perditum
1893 922 1952 971 iri

529 1014 577 1051 et
616 1003 849 1066 exstingui
878 1011 1182 1050 assectarent.
1225 1004 1332 1048 Una
1371 1002 1499 1048 enim
1529 1001 1750 1049 omnium
1783 1001 1953 1065 Anglo-

528 1097 638 1127 rum
677 1079 913 1128 sententia
944 1094 1134 1143 voxque
1171 1078 1444 1125 communis
1481 1087 1582 1127 erat
1615 1094 1666 1126 se
1701 1094 1953 1144 nunquam

528 1175 670 1224 posse
705 1175 816 1205 cum
850 1157 1042 1204 Francis
1079 1156 1277 1203 feliciter
1312 1156 1556 1213 dimicare,
1584 1165 1666 1204 aut
1695 1156 1855 1204 de-eis
1885 1173 1955 1204 re-

528 1246 721 1303 portare
757 1236 1024 1297 victoriam,
1056 1234 1290 1299 quamdiu
1318 1233 1399 1282 illa
1431 1233 1610 1294 Puella,
1637 1247 1784 1300 quam
1814 1234 1953 1282 sorti-

528 1317 683 1380 legam
708 1331 763 1362 ac
794 1312 1062 1361 maleficam
1081 1311 1411 1371 diffamabant,
1442 1313 1588 1359 vitam
1610 1321 1769 1376 ageret
1790 1311 1841 1360 in
1864 1312 1954 1360 hu-

529 1393 700 1440 manis.
748 1392 890 1456 Atqui
926 1388 1179 1455 quomodo
1213 1389 1492 1437 innocentia
1530 1406 1695 1437 secura
1731 1387 1952 1449 evadere,

530 1470 709 1535 quidve
743 1469 988 1535 prodesse,
1024 1468 1150 1515 inter
1181 1477 1254 1515 tot
1277 1466 1695 1514 acerbissimorum
1738 1465 1958 1516 inimico-

529 1565 639 1595 rum
663 1556 710 1594 et
739 1546 1144 1594 calumniatorum
1169 1561 1357 1606 manus,
1387 1555 1567 1610 posset,
1602 1540 1775 1610 quales*
1800 1543 1959 1593 eidem

534 1624 705 1672 Puellae
743 1625 836 1689 ipsi
870 1623 1052 1688 Anglici
1093 1632 1252 1683 erant,
1291 1630 1434 1686 atque
1474 1622 1552 1669 alii
1585 1622 1837 1688 permulti,
1875 1623 1959 1688 qui

530 1704 794 1752 animosius
828 1719 997 1750 eorum
1030 1711 1189 1766 partes
1219 1700 1544 1748 defendebant
1566 1709 1613 1749 et
1640 1701 1826 1766 judicio
1848 1701 1960 1750 assi-

532 1781 729 1842 debant,
756 1780 839 1844 qui
863 1797 970 1827 eam
994 1789 1097 1827 toto
1122 1779 1320 1840 annisu,
1348 1795 1652 1844 quacumque
1682 1779 1776 1842 via,
1803 1776 1961 1846 perdi-

532 1871 634 1908 tum
658 1861 717 1908 iri
739 1858 1026 1925 cupiebant?

598 1944 760 1999 Quum
784 1950 946 1987 autem
969 1955 1115 2004 super
1138 1939 1217 1997 iis,
1247 1954 1367 2003 quas
1390 1937 1659 1986 affirmabat
1678 1939 1960 1987 Sanctarum

533 2021 784 2085 Virginum
807 2019 1130 2085 apparitiones
1154 2018 1299 2065 factas
1314 2052 1328 2076 ,
1356 2018 1405 2064 in
1437 2035 1534 2065 una
1555 2017 1820 2083 eademque
1841 2033 1960 2065 con·

538 2099 739 2147 sessione
768 2107 1132 2163 perseveranter
1166 2107 1403 2157 maneret,
1431 2096 1612 2162 diuque
1636 2106 1683 2144 et
1719 2095 1962 2145 multoties

536 2177 713 2223 iteratis
733 2174 1165 2223 examinationibus
1188 2174 1400 2238 fatigata,
1418 2172 1562 2222 simul
1580 2174 1721 2222 etiam
1741 2174 1963 2240 squalore

536 2265 583 2304 et
604 2255 764 2302 inedia
788 2254 961 2301 diutini
985 2253 1187 2302 carceris
1211 2263 1447 2300 macerata
1475 2262 1522 2300 et
1549 2253 1767 2301 confecta
1803 2253 1965 2302 fuisset

539 2335 608 2399 (in
633 2349 731 2398 quo
749 2331 946 2396 quidem
964 2330 1025 2378 ab
1040 2330 1243 2393 Anglicis
1266 2329 1517 2390 militibus,
1538 2340 1637 2377 tam
1661 2331 1788 2378 intus
1807 2346 1965 2378 carce-

539 2429 666 2474 rem,
693 2427 839 2477 quam
863 2427 890 2457 a
910 2409 1024 2456 foris
1042 2410 1177 2473 juxta
1196 2410 1372 2456 ostium
1389 2408 1564 2473 jugiter
1593 2399 1960 2470 excubantibus,

542 2488 932 2551 asservabatur),
968 2488 1151 2547 serunt,
1182 2485 1427 2551 judicibus
1458 2485 1573 2549 sibi,
1603 2486 1642 2534 si
1674 2485 1726 2534 id
1759 2485 1962 2548 faceret,

541 2569 871 2634 impunitatem
888 2565 1317 2630 liberationemque
1329 2564 1666 2631 pollicentibus
1676 2603 1688 2626 ,
1706 2563 1966 2630 aliquando

543 2662 650 2694 eam
674 2645 931 2708 abnegasse
954 2660 1004 2691 se
1034 2642 1256 2689 habuisse
1288 2659 1423 2690 veras
1460 2640 1738 2706 hujusmodi
1777 2640 1967 2708 appari-

542 2727 698 2773 tiones
714 2734 796 2772 aut
810 2723 995 2771 divinas
1008 2721 1343 2781 revelationes;
1366 2719 1531 2768 adhoc
1548 2730 1709 2768 tamen
1720 2719 1968 2769 inductam

544 2813 622 2864 ut,
650 2819 814 2851 coram
838 2799 1153 2849 assidentibus
1176 2799 1226 2846 in
1246 2798 1427 2863 judicio
1444 2836 1457 2860 ,
1484 2815 1539 2846 ea
1563 2798 1758 2846 ulterius
1781 2811 1831 2846 se
1856 2795 1968 2845 dio-

546 2892 704 2930 turam
738 2890 1086 2930 asserturamve
1109 2876 1366 2941 abjuraret.
1398 2877 1542 2935 Quod
1568 2891 1680 2924 cum
1701 2877 1763 2925 ita
1788 2873 1967 2924 factum

2084 715 2086 718 .
2084 684 2086 686 .
2073 511 2086 665 amens-'n
2079 439 2086 483 (ΑΛ
2076 383 2086 422 mr.
