2086 3528
529 321 606 359 194
913 316 1255 355 HISTORIARUM
1281 318 1464 356 CAROLI
1491 319 1562 355 VII

529 414 659 451 terea
681 403 729 448 in
753 415 870 465 pace
888 399 1032 464 potiri
1054 415 1166 446 eum
1181 399 1398 447 dominio
1416 417 1505 448 suo
1521 409 1725 465 utraque
1738 401 1950 467 partium

533 478 856 548 permittebat.
888 477 946 524 Et
979 493 1092 524 cum
1134 479 1287 542 patria
1319 495 1404 527 sua
1442 489 1538 526 tam
1578 479 1773 527 Francis
1801 492 1951 545 quam

536 558 692 622 Anglis
725 556 826 603 sola
853 556 902 602 in
928 571 1078 618 regno
1101 557 1371 604 communis
1406 567 1453 604 et
1482 567 1582 604 tuta
1617 567 1945 622 permaneret,

534 634 890 684 confluentibus
925 633 987 680 ad
1026 644 1134 680 eam
1177 623 1340 681 secure
1373 643 1514 699 atque
1558 644 1665 682 tuto
1702 635 1952 701 utriusque

533 713 819 761 obedientiae
837 709 1231 775 negotiatoribuS,
1256 720 1304 758 et.
1325 727 1384 759 eo
1408 727 1588 761 merces
1609 729 1718 761 suas
1737 709 1951 762 deseren-

533 792 677 850 tibus,
696 803 815 856 quas
833 789 895 836 ad
909 799 1069 854 partes
1089 789 1286 836 diversae
1306 778 1587 839 obedientiae
1607 791 1791 840 deferre
1813 792 1951 842 nullo

534 869 683 917 modo
720 866 891 915 licebat
907 903 919 927 ,
961 866 1201 914 Britannia
1217 904 1229 927 ,
1274 865 1572 916 saevientibus
1617 866 1797 935 ubique
1845 878 1952 918 toto

534 963 684 1012 regno
711 944 846 992 bellis
863 982 875 1006 ,
901 944 1048 991 veluti
1083 944 1231 991 totius
1258 943 1420 991 Galliae
1445 961 1672 1008 magnum
1707 957 1755 994 et
1789 947 1954 995 nobile

535 1022 913 1088 negotiationum
941 1021 1210 1086 emporium
1227 1058 1240 1082 ,
1265 1022 1544 1087 magnisque
1565 1033 1819 1089 propterea
1844 1025 1953 1091 opi-

534 1101 625 1149 bus
647 1101 792 1148 ditata
814 1109 884 1146 est
906 1109 952 1146 et
970 1098 1278 1146 multitudine
1300 1099 1592 1164 populorum
1615 1100 1806 1150 referta.

602 1178 922 1241 Confugerant
958 1176 1041 1223 illo
1058 1211 1072 1234 ,
1105 1176 1484 1224 intolerabilibus
1511 1178 1860 1227 calamitatibus
1885 1179 1953 1227 af-

536 1256 674 1316 flicti,-
700 1254 861 1320 plures
884 1270 939 1300 ex
964 1254 1259 1301 Normannia
1281 1255 1392 1302 artis
1418 1254 1640 1316 lanificii,
1665 1273 1771 1321 quae
1799 1257 1956 1322 potis-

536 1335 656 1383 sime
697 1349 885 1397 semper
924 1341 971 1379 et
1011 1331 1293 1380 excellenter
1328 1333 1380 1379 in
1420 1335 1715 1383 Not-mannia
1750 1337 1958 1387 exemeri

538 1411 675 1459 solita
706 1420 804 1469 est;
839 1409 923 1474 qui
948 1425 1060 1456 cum
1092 1409 1260 1456 incolis
1295 1410 1543 1458 Britanniae
1570 1411 1792 1460 eamdem
1821 1427 1959 1462 suam

537 1499 686 1536 artem
710 1487 1125 1535 communicarent
1144 1524 1156 1545 ‚
1184 1503 1290 1534 eam
1320 1489 1535 1536 Britones
1557 1489 1618 1537 ab
1644 1490 1758 1554 ipsis
1778 1490 1959 1540 didice-

538 1576 669 1614 runt.
697 1568 764 1611 Ex
787 1580 885 1628 quo
913 1563 1137 1610 effectum
1164 1573 1234 1610 est
1269 1574 1321 1611 ut
1339 1600 1352 1623 ‚
1377 1582 1489 1612 cum
1515 1582 1601 1630 per
1631 1575 1740 1614 ante
1776 1567 1827 1614 in
1857 1567 1962 1633 ipsa

538 1644 781 1692 Britannia
815 1643 960 1708 pauci
983 1641 1275 1704 admodum,
1302 1653 1348 1690 et
1372 1643 1404 1690 ii
1428 1644 1654 1691 rusticani
1680 1655 1727 1692 et
1750 1645 1928 1711 hispidi
1943 1680 1959 1706 ‚

539 1721 878 1771 tantummodo
903 1721 1050 1785 panni
1077 1719 1246 1768 fierent
1269 1721 1331 1768 de
1354 1721 1459 1768 lana
1477 1757 1489 1781 ,
1521 1722 1835 1786 postmodum
1858 1725 1963 1790 ipsa

538 1800 675 1864 ¹regio
697 1799 890 1863 copiose
914 1807 1057 1862 atque
1076 1797 1379 1846 abundanter
1403 1799 1546 1847 etiam
1570 1799 1758 1848 nobiles
1775 1815 1964 1866 pannos

542 1879 695 1926 facere
720 1877 996 1925 assueverit.
1025 1879 1092 1923 Ex
1115 1875 1290 1940 quibus
1315 1887 1416 1923 tota
1440 1877 1594 1942 patria
1615 1876 1696 1926 illu
1715 1887 1765 1926 et
1783 1878 1964 1945 oppida
2034 1883 2037 1886 ’

541 1956 688 2022 ipsius
712 1955 972 2021 plurimum
993 1953 1195 2001 adaucta
1217 1964 1265 2001 et
1281 1954 1570 2020 locupletata
1591 1964 1718 2004 sunt.

608 2037 688 2081 Est
711 2043 871 2082 autem
894 2033 944 2080 in
967 2033 1069 2097 ipsa
1096 2032 1339 2079 Armorica
1357 2069 1372 2094 ‚
1398 2050 1551 2099 prope
1583 2032 1703 2082 fines
1731 2035 1964 2085 Non-man-

544 2218 727 2251 caeterum
745 2206 885 2245 inermi
913 2204 1006 2244 belli
1027 2203 1284 2252 abstinentia,
1315 2212 1353 2242 et
1376 2204 1464 2256 plus
1500 2204 1541 2243 in
1574 2205 1747 2247 adversis
1768 2208 1964 2251 somnam

547 2283 663 2323 quam
698 2267 883 2316 justitiam
912 2273 1085 2313 secutus,
1118 2262 1273 2302 tandem
1299 2263 1394 2302 falso
1426 2264 1532 2317 pacis
1567 2265 1774 2307 simulacro
1807 2282 1831 2308 a
1858 2283 1966 2323 pre-

546 2329 694 2370 donicis
712 2326 879 2366 hostium
902 2322 1188 2363 incursionibus
1214 2323 1449 2362 Britanniam
1473 2324 1621 2364 salvam
1656 2327 1760 2367 fecit.
1789 2330 1838 2369 Et
1872 2329 1966 2371 dum

547 2390 768 2431 universum
789 2397 953 2438 regnum
983 2384 1164 2423 atrociter
1187 2383 1495 2436 impugnaretur,
1511 2393 1549 2424 et
1567 2385 1763 2426 bellorum
1782 2388 1969 2442 asperitas

547 2466 570 2491 a
592 2448 824 2490 Normannis
843 2456 881 2485 et
898 2446 1017 2486 Gallis
1044 2445 1243 2484 mollitiem
1268 2445 1441 2497 corporis
1472 2454 1511 2484 et
1541 2447 1659 2486 animi
1684 2448 1863 2488 inertiam
1898 2446 1968 2490 ab·

550 2513 715 2558 dicaret,
738 2517 854 2559 atque
873 2507 1056 2545 diurnum
1078 2505 1135 2544 rei
1159 2504 1334 2543 militaris
1357 2506 1604 2555 exercitium,
1628 2506 1764 2546 induta
1783 2507 1876 2548 ferri
1891 2508 1966 2548 du-

549 2572 651 2618 ritia,
674 2567 850 2622 egregios
865 2574 1101 2618 pugnatores
1119 2564 1320 2603 decuserat
1336 2596 1347 2614 ,
1364 2565 1483 2604 infida
1500 2566 1683 2606 securitas
1697 2566 1816 2606 armis
1844 2567 1969 2608 soluts

549 2629 772 2671 Britonibus
789 2626 999 2678 voluptatis
1024 2624 1233 2664 licentioris
1253 2632 1292 2662 et
1322 2625 1440 2664 rebus
1462 2626 1658 2678 prosperis
1681 2626 1786 2667 laute
1809 2626 1969 2682 {evadi

551 2689 730 2731 fiduciam
758 2685 966 2734 concessit,
989 2698 1033 2723 ac
1057 2684 1180 2722 otium
1206 2683 1310 2722 iners
1328 2683 1449 2723 robur
1471 2686 1645 2737 corporis
1675 2695 1715 2726 et
1742 2685 1861 2727 ani-i
1882 2686 1970 2727 vb-

553 2758 672 2789 tutem
709 2748 751 2787 in
780 2745 967 2785 desidiam
999 2742 1128 2782 cordis
1163 2742 1392 2782 muliebrem
1422 2743 1598 2785 adduxit.
1627 2763 1648 2780 ι
1679 2749 1848 2785 Assertio
1871 2738 1971 2787 Nor*-

552 2810 736 2858 manm‘ae,
762 2807 789 2846 Ι.
810 2809 853 2856 1,
871 2818 906 2845 c.
927 2818 969 2854 v,
989 2806 1062 2843 Ms,
1088 2802 1185 2842 nihl.
1203 2805 1320 2856 imp.,
1338 2809 1382 2842 11⁰
1402 2806 1524 2853 6¹98,
1543 2805 1571 2846 f.
1594 2807 1631 2847 8.
