2086 3528
513 352 588 388 17ss
889 348 1228 386 HISTORIARUM
1253 348 1433 386 CAROLI
1461 348 1530 384 VII

513 434 633 481 forte
671 431 744 478 vel
786 445 1034 493 nunquam
1074 428 1148 476 vel
1180 429 1259 476 vix
1291 429 1340 476 in
1369 428 1526 476 multis
1559 428 1739 476 saeculis
1773 428 1918 477 semel

511 510 781 572 continget,
808 516 936 554 certa
958 523 1008 554 se
1029 522 1085 553 ac
1112 507 1310 571 perenni
1335 507 1526 553 miseria
1555 515 1696 570 atque
1717 504 1918 553 infelici-

512 596 605 634 tate
632 584 751 633 velle
788 582 996 640 demere,
1035 598 1217 646 magnae
1241 592 1310 630 est
1335 583 1555 630 stultitiae.
1584 586 1688 630 Hoc
1714 599 1815 630 non
1838 583 1918 632 fa-

510 663 643 709 ciunt
668 677 758 708 nec
784 676 983 724 regnum
1017 658 1191 722 Angliae
1208 695 1221 720 ,
1259 659 1334 706 vel
1363 659 1443 706 alii
1479 675 1599 724 quos
1624 662 1918 708 Francorum
1989 673 1991 675 ’

509 756 591 786 rex
621 737 710 785 sibi
737 747 925 802 reputat
954 736 1142 792 hosteS‚
1166 736 1275 800 qui,
1300 746 1496 802 propter
1516 745 1695 784 metum
1715 739 1925 784 Franco-²

509 832 634 876 rum,
651 830 750 861 non
767 830 816 862 se
834 812 1147 875 subditosque
1167 828 1279 859 suos
1293 811 1386 860 hac
1404 811 1667 860 calamitate
1686 811 1918 861 conde'm-

509 902 626 940 nant
641 929 653 953 ,
679 901 733 938 ut
759 891 822 939 ad
844 889 1147 938 tolerandum
1170 898 1216 936 et
1242 889 1572 938 sustinendum
1597 899 1778 937 tantam
1800 906 1918 939 con-

509 969 755 1016 ductitiam
778 968 1011 1026 militiam,
1029 966 1169 1013 simul
1186 983 1298 1014 cum
1314 966 1500 1014 tributis
1514 968 1638 1032 (quae
1654 968 1918 1016 necessaria
1950 999 1954 1004 -

508 1047 697 1111 sequela
717 1057 764 1094 et
785 1045 1115 1112 inseparabilis
1138 1045 1201 1093 ad
1225 1045 1402 1093 dictam
1426 1045 1639 1093 militiam
1656 1046 1917 1110 exsistunt)

509 1142 608 1173 sese
630 1142 837 1189 suosque
860 1123 1283 1172 adducere'velint.

572 1202 666 1250 Sed
687 1202 748 1249 de
770 1203 861 1250 hac
886 1202 1085 1266 quidem
1111 1203 1308 1250 materia
1336 1202 1505 1250 sentiet
1537 1201 1736 1267 quisque
1772 1211 1918 1266 prout

507 1281 655 1342 volet3
676 1289 840 1327 nostra
861 1295 975 1327 vero
999 1280 1232 1327 sententia
1254 1290 1340 1341 est,
1363 1297 1508 1344 quam
1528 1279 1749 1326 diximus.
1774 1278 1918 1342 Cujus

506 1374 616 1406 cum
639 1358 932 1404 contrarium
954 1356 1220 1404 admodum
1243 1358 1455 1422 tyrannis
1478 1367 1666 1421 gratum
1687 1356 1745 1403 sit
1769 1365 1817 1403 et
1833 1370 1918 1402 cu-

505 1435 658 1500 pitum
679 1469 692 1492 ‚
727 1435 916 1499 taleque
949 1434 1203 1482 consilium
1234 1434 1295 1482 ab
1319 1435 1375 1482 iis
1399 1435 1482 1499 qui
1509 1452 1566 1482 ex
1599 1434 1690 1481 hac
1726 1431 1917 1498 publica

505 1511 770 1559 calamitate
812 1511 1099 1577 compendia
1137 1512 1375 1577 accipiunt
1410 1512 1523 1577 (qui
1559 1528 1736 1576 magno
1777 1510 1918 1557 nimis

505 1605 707 1636 numero
754 1589 916 1652 sunt),
956 1589 1128 1652 jugiter
1180 1606 1348 1636 eorum
1391 1590 1586 1637 auribus
1636 1587 1912 1650 instilletur,

505 1676 557 1713 ut
581 1666 800 1725 diximus,
822 1683 920 1713 non
943 1682 1205 1731 speramus,
1235 1667 1293 1713 de
1327 1668 1423 1714 vita
1453 1683 1623 1714 eorum
1644 1666 1728 1731 qui
1751 1682 1927 1732 super--

505 1753 643 1802 sunt,
670 1743 830 1790 videre
863 1760 1062 1807 regnum
1098 1744 1189 1791 hac
1222 1744 1415 1809 publica
1452 1745 1638 1792 miseria
1675 1753 1817 1809 atque
1847 1744 1916 1791 in-

505 1821 721 1869 felicitate
755 1831 1051 1886 exemptum3
1085 1821 1167 1868 sed
1208 1822 1388 1869 malum
1418 1823 1576 1887 ipsum
1606 1821 1916 1869 diuturnitate

505 1900 731 1964 temporis
756 1915 1023 1946 excrescere
1048 1900 1208 1965 potius
1238 1910 1285 1947 et
1316 1900 1505 1963 augeri,
1534 1915 1816 1965 semperque
1833 1936 1845 1958 ‚
1875 1900 1913 1946 si

503 1977 644 2023 etiam
669 1975 869 2023 deficere
892 1976 1161 2035 videantur,
1182 1993 1308 2024 nova
1336 1976 1461 2024 bella
1483 1992 1732 2040 novosque
1757 1985 1913 2022 motus

503 2063 699 2119 propter
721 2070 842 2118 quos
863 2053 1195 2116 hujuscemodi
1216 2055 1382 2102 militia
1397 2064 1443 2101 et
1458 2054 1634 2102 tributa
1653 2053 1808 2100 eidem
1828 2069 1912 2101 an-

503 2147 624 2178 nexa
640 2130 766 2196 [sint]
781 2131 1122 2191 continuanda,
1138 2132 1212 2178 vel
1230 2132 1444 2179 suscitari
1473 2133 1547 2178 vel
1563 2130 1790 2194 confingi.
1817 2134 1912 2179 Nec

503 2206 659 2254 solum
680 2211 971 2255 Francorum
995 2225 1195 2271 regnum
1223 2208 1461 2255 calamitas
1478 2207 1579 2255 haec
1600 2217 1647 2254 et
1667 2207 1912 2257 infelicitas

503 2284 711 2344 tenebit·,
739 2286 823 2332 sed
850 2287 1134 2350 contagione
1169 2286 1310 2333 etiam
1339 2303 1424 2334 sua
1447 2287 1496 2332 in
1519 2285 1697 2333 vicinas
1731 2286 1912 2352 aliquas

504 2363 719 2409 nationes
742 2373 912 2427 serpet,
940 2379 1113 2428 easque
1138 2363 1257 2428 pari,
1281 2364 1371 2410 nisi
1387 2367 1513 2410 Deus
1529 2364 1762 2429 propitius
1777 2381 1911 2412 aver-

504 2449 584 2500 tat,
612 2439 875 2487 calamitate
898 2440 1156 2505 complebit
1173 2450 1314 2505 atque
1331 2440 1567 2502 conficiet,
1588 2452 1729 2507 prout
1741 2443 1840 2506 jam
1858 2444 1907 2491 in

502 2517 790 2583 quibusdam
803 2517 1026 2564 dominiis
1043 2518 1320 2565 inchoatum
1337 2535 1436 2566 esse
1451 2518 1668 2566 videmus
1683 2519 1743 2566 de
1759 2537 1904 2579 novo,

502 2614 606 2661 quae
626 2596 779 2660 longis
802 2605 928 2642 retro
953 2596 1248 2661 temporibus
1270 2612 1294 2642 a
1319 2596 1399 2642 tali
1421 2597 1642 2644 servitute
1659 2606 1802 2663 atque
1826 2598 1910 2646 mi-

503 2674 623 2723 seria
642 2674 791 2722 libera
814 2674 1101 2720 exstiterant.
1847 2678 1851 2681 ’
1912 2691 1913 2694 ’

570 2756 663 2799 Nec
687 2751 803 2799 mihi
831 2751 992 2799 afferat
1030 2752 1161 2816 quis,
1189 2751 1250 2799 ad
1279 2751 1574 2799 suadendum
1599 2751 1739 2817 hujus
1767 2762 1906 2800 tantae

504 2830 677 2877 militiae
710 2830 1032 2879 necessitatem
1054 2866 1066 2891 ,
1100 2839 1196 2877 tam
1221 2830 1332 2877 belli
1360 2847 1504 2894 quam
1528 2832 1655 2897 pacis
1682 2831 1904 2897 tempori-
