2086 3528
699 355 850 410 ianm
876 353 1122 403 QUARTUS.
1549 354 1621 392 231

199 440 267 490 tio
291 440 358 489 eis
381 440 600 507 primitus
621 437 683 487 de
706 439 924 505 pecuniis
948 437 1166 499 creditis,
1192 438 1242 485 in
1275 435 1450 502 quibus
1477 454 1627 502 usque

199 518 261 567 ad
278 534 518 566 summam
542 533 677 583 paene
705 527 901 564 centum
924 516 1055 564 mille
1077 515 1312 564 librarum
1335 514 1517 564 eisdem
1542 533 1628 582 per

154 639 163 643 -
198 606 357 663 partes
377 595 686 657 tenebantur,
713 594 789 642 vel
812 594 980 643 saltem
1016 594 1194 642 idonea
1230 593 1290 642 de
1321 593 1417 641 hoc
1445 594 1626 642 eisdem

197 675 406 742 praestita
425 674 678 734 cautione,
703 672 822 721 nihil
847 683 1011 721 tamen
1037 673 1086 720 in
1113 672 1286 720 effectu
1309 671 1624 738 adimpletum

197 752 309 814 fuit3
347 751 431 801 sed
474 755 768 799 Francorum
801 749 1049 798 nonnullis
1077 749 1284 797 ducibus
1316 766 1404 815 per
1450 749 1625 814 Anglo-

197 846 308 878 rum
328 829 571 895 principes
591 828 795 894 pecunia
819 826 1195 892 muneribusque
1215 827 1476 893 corruptis,
1505 827 1627 875 frau-

198 907 322 956 datis
344 906 550 967 civibus,
574 906 706 955 abire
726 905 908 953 dimissi
931 914 1060 952 sunt.

262 989 524 1051 Postquam
545 995 724 1048 autem,
752 1000 926 1032 vacuas
942 999 1075 1031 arces
1097 982 1442 1047 relinquentes,
1460 982 1523 1031 ad
1542 1000 1625 1031 sua

196 1063 278 1113 illa
312 1074 413 1113 tota
457 1064 652 1128 Anglica
700 1080 873 1111 manus
911 1061 1206 1124 abcesserat,
1251 1071 1366 1109 tunc
1411 1063 1625 1128 primum

196 1146 493 1191 Francorum
525 1159 633 1202 rex,
667 1158 777 1206 rege
810 1144 993 1188 Renato
1023 1139 1219 1202 Siciliae,
1255 1139 1624 1204 Andegavorum

195 1220 343 1283 duce,
385 1219 640 1284 multisque
677 1220 780 1267 aliis
810 1218 1108 1284 principibus
1131 1218 1416 1277 comitatuS,
1449 1234 1626 1283 magna

196 1299 403 1348 militum
426 1298 778 1363 satellitumque
798 1307 988 1345 caterva
1008 1296 1208 1362 stipatus
1222 1333 1234 1357 ,
1258 1294 1427 1343 urbem
1450 1295 1627 1359 ingres·

195 1395 275 1426 sus
296 1387 369 1426 est
385 1414 397 1438 ‚
423 1393 453 1425 a
476 1376 737 1442 provinciae
755 1375 984 1441 praelatis,
1012 1375 1096 1439 qui
1114 1373 1210 1421 illic
1232 1374 1333 1438 ejus
1361 1373 1625 1421 adventum

195 1452 554 1522 operiebantur,
582 1453 921 1518 nobilibusque
939 1452 1157 1519 plurimis
1175 1452 1339 1518 patriae
1362 1461 1505 1516 atque
1531 1450 1625 1499 loci

193 1533 342 1601 ipsius
364 1531 572 1590 civibus,
598 1548 710 1580 cum
743 1531 963 1579 maximis
986 1530 1144 1579 laetitia
1167 1540 1215 1578 et
1237 1529 1507 1588 alacritate,
1532 1529 1622 1577 ho-

194 1610 607 1661 norificentissime
629 1619 872 1676 exceptus.

641 1783 986 1833 CAPITULUM
1018 1783 1162 1829 XXII.

190 1905 245 1941 De
263 1903 516 1941 obsidionibus
530 1901 706 1938 Harefluti
722 1910 757 1938 et
774 1900 984 1937 Honnefluti
1000 1909 1035 1937 et
1050 1901 1211 1950 ipsorum
1229 1899 1501 1948 recuperatione
1517 1911 1626 1947 supra

524 1964 693 2013 Anglicos
703 1990 713 2008 ,
729 1972 764 1999 et
781 1963 943 1999 similiter
958 1962 1063 1999 castri
1078 1961 1123 1997 de
1138 1962 1286 2011 Essayo.

257 2079 352 2128 Ubi
387 2078 447 2127 ad
486 2075 886 2144 componendum
922 2093 999 2123 res
1036 2075 1240 2123 civitatis
1285 2082 1429 2138 atque
1460 2072 1625 2138 patriae

190 2158 464 2225 complures
477 2156 814 2220 transegissent
828 2154 946 2214 dies,
966 2152 1307 2201 instantissime
1321 2150 1382 2199 ab
1396 2149 1624 2198 omnibus

189 2233 564 2303 provincialibus
584 2242 778 2297 rogatus
804 2241 874 2280 est
894 2248 978 2279 rex
994 2240 1064 2291 ut,
1084 2229 1146 2278 ad
1166 2228 1446 2295 pellendum
1463 2227 1623 2291 Angli-

189 2331 274 2363 cos
296 2313 356 2362 de
380 2312 631 2361 Haressutu
652 2322 699 2358 et
722 2309 1036 2369 Honnessutu‚
1055 2308 1136 2374 qui
1162 2308 1283 2355 ostia
1306 2309 1537 2371 Sequanae
1561 2305 1622 2352 ad

189 2392 321 2441 littus
346 2390 489 2439 maris
515 2389 790 2449 observant,
813 2388 1030 2436 animum
1046 2386 1267 2450 viresque
1287 2382 1619 2440 contrahe'ret3

190 2487 306 2519 nam
339 2469 429 2517 illis
462 2467 552 2516 sub
580 2458 845 2533 Anglorum
881 2472 1114 2533 potestate
1135 2463 1471 2522 manentibus,
1497 2472 1623 2509 terra

191 2550 409 2614 marique
423 2546 789 2612 quodammodo
805 2545 987 2593 obsessi
1005 2554 1256 2592 manerent
1272 2580 1284 2604 ,
1305 2553 1352 2591 et
1368 2543 1623 2589 innumera

191 2630 411 2680 subirent
432 2628 769 2688 incommoda,
805 2645 910 2693 quae
934 2637 981 2674 et
1006 2627 1055 2674 in
1081 2626 1343 2674 maximum
1367 2623 1516 2689 ipsius
1545 2639 1619 2669 re-

192 2712 262 2776 gis
290 2719 338 2758 et
375 2709 521 2756 totius
555 2707 689 2772 regni
713 2706 1024 2772 dispendium
1045 2721 1242 2769 vergere
1273 2710 1487 2769 possent·
1515 2703 1625 2747 Haec

193 2800 353 2838 autem
396 2804 477 2836 rex
513 2788 614 2853 ipse
650 2785 912 2852 prudenter
950 2784 1364 2842 animadvertens,
1407 2790 1453 2827 et
1491 2778 1624 2844 quod

197 2876 527 2934 opportunum
554 2875 742 2929 tempus
776 2863 838 2912 ad
866 2863 963 2910 hoo
993 2862 1179 2909 adforet
1210 2859 1370 2925 potius
1404 2873 1550 2921 quam
1586 2857 1625 2903 si
