2086 3528
550 347 600 383 66
934 345 1277 382 HISTORIARUM
1303 344 1486 382 CAROLI
1515 345 1586 382 VH

614 431 680 475 Ex
700 443 797 492 quo
821 436 868 474 et
890 427 964 473 his
986 427 1068 491 qui
1090 427 1140 473 in
1166 425 1416 474 obsidione
1439 436 1572 474 erant
1595 426 1783 488 solatia,
1811 425 1970 474 obses·

545 510 607 556 sis
629 526 744 557 vero
769 509 925 555 luctus
952 507 1184 572 plurimus
1213 518 1260 555 et
1288 509 1509 556 moestitia
1536 524 1840 573 promovere.
1871 507 1966 561 Sed

543 585 856 633 nihilominus
877 602 1012 650 spem
1030 584 1180 632 divini
1201 585 1359 634 auxilii
1383 587 1580 634 minime
1598 585 1892 650 abjicientes,
1917 596 1966 634 et

541 665 592 711 in
623 663 766 711 rebus
792 663 977 711 afflictis
997 662 1179 710 fortiter
1209 673 1256 710 et
1278 674 1552 712 constanter
1573 664 1824 712 conatibus
1846 664 1966 712 hos-

539 742 659 789 tium
699 740 984 788 reluctantes
1002 778 1013 799 ,
1050 739 1214 787 divina
1257 740 1326 788 eis
1360 757 1461 788 non
1499 741 1720 790 defutura
1750 740 1964 790 remedia

538 818 852 884 praesidiaque
895 817 1235 878 confidebant,
1287 834 1398 865 cum
1415 855 1427 879 ‚
1481 829 1534 866 ut
1587 821 1707 867 sacri
1746 819 1964 868 Davidici

535 894 704 959 hymni
727 896 1008 958 concinunt,
1049 895 1270 943 divinitas
1303 895 1510 960 adjutrix
1538 914 1728 963 semper
1757 914 1859 946 esse
1889 914 1962 945 so-

532 973 627 1022 leat
663 976 711 1022 in
745 974 1186 1040 opportunitatibus
1209 1010 1222 1034 ,
1256 974 1306 1021 in
1352 974 1658 1024 tribulatione
1708 987 1755 1025 et
1798 986 1961 1043 prote,-

533 1055 691 1103 ctione
709 1057 1005 1122 sperantium
1025 1057 1074 1103 in
1099 1073 1165 1103 se.
1193 1057 1310 1113 Quae
1325 1057 1492 1121 utique
1513 1073 1620 1122 spes
1642 1067 1784 1123 atque
1805 1057 1958 1106 confi·

531 1132 721 1195 dentia,
750 1150 897 1198 quam
927 1134 977 1181 in
1007 1133 1172 1181 divina
1198 1134 1373 1198 pietate
1395 1145 1734 1199 reposuerant,
1760 1136 1828 1183 eis
1857 1151 1958 1183 non

530 1210 633 1259 sine
657 1210 811 1258 fructu
836 1220 919 1259 aut
937 1212 1069 1259 irrita
1094 1221 1176 1258 aut
1202 1227 1352 1258 vacua
1372 1210 1484 1272 fuit,
1508 1229 1599 1259 nec
1625 1212 1828 1261 fraudati
1845 1222 1958 1261 sunt

529 1302 557 1334 a
583 1286 824 1335 desiderio
852 1305 966 1348 suo;
1000 1287 1207 1335 mirabili
1229 1288 1358 1335 enim
1387 1287 1536 1336 modo
1559 1299 1607 1336 et
1633 1289 1795 1337 multis
1823 1290 1958 1338 inau-

528 1363 631 1413 dito
658 1366 839 1415 saeculis
862 1366 1115 1414 clementia
1135 1367 1223 1414 Dei
1250 1384 1304 1414 ac
1326 1366 1517 1415 bonitas
1537 1366 1766 1428 obsessis,
1798 1377 1846 1415 et
1870 1384 1957 1433 per

524 1441 621 1490 hoc
661 1445 804 1493 etiam
849 1444 1076 1493 omnibus
1116 1445 1309 1493 Francis
1326 1483 1338 1506 ‚
1385 1445 1551 1493 solatia
1593 1455 1737 1511 atque
1781 1445 1956 1494 auxilia

524 1522 747 1570 contulit.

1001 1696 1352 1742 CAPITULUM
1386 1697 1467 1742 IX.

659 1818 712 1853 De
726 1819 749 1854 J
750 1831 868 1855 oanna
882 1820 1003 1856 Puella
1023 1835 1031 1864 ;
1051 1821 1201 1868 qualiter
1216 1821 1262 1857 ad
1279 1822 1498 1858 Francorum
1514 1836 1633 1872 regem
1649 1824 1806 1861 accessit.

585 1929 691 1976 Fuit
714 1931 842 1977 enim
868 1930 943 1979 his
975 1931 1143 1979 diebus
1173 1933 1332 1999 puella
1367 1935 1611 1999 quaedam,
1643 1939 1827 1984 Joanna
1855 1951 1947 1983 no-

518 2006 671 2068 mine,
696 2008 894 2056 vixdum
916 2009 1093 2075 pubes,
1119 2011 1255 2075 virgo
1278 2011 1475 2076 quidem
1493 2050 1505 2074 ,
1543 2022 1595 2060 ut
1629 2013 1691 2062 ab
1721 2013 1946 2062 omnihus

517 2087 746 2135 aestimata
769 2088 881 2148 suit,
910 2099 1015 2137 orta
1036 2090 1085 2136 in
1106 2089 1284 2137 finibus
1306 2092 1575 2156 Campaniae
1598 2101 1644 2139 et
1676 2102 1808 2142 terrae
1831 2096 1944 2140 Bar-

517 2165 667 2213 rensis
684 2203 696 2227 ,
733 2165 794 2214 de
822 2166 935 2215 villa
967 2167 1045 2215 cui
1075 2185 1256 2215 nomen
1283 2169 1621 2217 Vaucoulear¹.
1659 2173 1775 2229 Quae
1793 2207 1806 2231 ‚
1833 2187 1945 2219 cum

516 2258 705 2307 gregem
721 2245 869 2309 patris
891 2245 964 2292 sui
988 2255 1217 2309 pasceret,
1238 2255 1285 2293 et
1305 2246 1621 2295 nihilominus
1643 2248 1694 2295 in
1713 2249 1944 2314 religione

516 2319 691 2368 Christi
724 2322 953 2370 instructa
968 2360 980 2384 ,
1015 2324 1303 2388 singularem
1327 2323 1596 2372 devotionis
1618 2325 1855 2374 servorem
1880 2326 1943 2376 ad

515 2397 756 2446 Christum
784 2410 831 2447 et
864 2400 1120 2463 gloriosam
1151 2401 1253 2465 ejus
1279 2402 1584 2465 genitricem,
1620 2404 1763 2452 simul
1799 2405 1943 2454 etiam

512 2487 699 2525 sanctas
717 2478 922 2542 virgines
941 2478 1264 2541 Cafflarinam,
1292 2481 1623 2545 Margaretam,
1644 2485 1875 2547 Agnetem
1895 2492 1943 2532 et

513 2555 771 2604 nonnullas
802 2556 915 2604 alias
943 2567 1153 2621 gereret,
1192 2558 1406 2622 quodam
1438 2559 1515 2606 die
1541 2560 1726 2610 d1vinas
1758 2561 1940 2611 revela-

511 2634 666 2681 tiones
683 2650 732 2682 se
747 2633 972 2682 habuisse
994 2644 1268 2683 constanter
1286 2635 1570 2699 affirmabat,
1597 2638 1802 2705 sibique,
1821 2638 1939 2687 dum

565 2772 583 2807 1
597 2799 605 2808 .
628 2769 905 2809 Inadvertance
925 2770 972 2808 de
990 2770 1172 2820 l'auteur‚
1193 2772 1261 2824 qui
1275 2773 1379 2813 avait
1395 2781 1480 2814 tous
1496 2774 1552 2814 les
1571 2789 1733 2828 moyens
1749 2776 1798 2817 de
1809 2776 1938 2817 saveir

511 2829 654 2880 qu'elle
675 2830 767 2892 ἐμὴ
781 2830 854 2870 nee
873 2832 895 2869 ὲ
913 2830 1156 2883 Dompremi.
