2086 3528
523 347 573 384 10
899 345 1247 384 HISTORIARUM
1275 346 1459 385 CAROLI
1486 347 1556 384 VII

525 426 935 474 Aureli-anensium
971 425 1032 474 de
1069 428 1192 492 regis
1230 444 1312 475 seu
1349 414 1523 493 reginae
1558 429 1736 494 palatio
1771 429 1948 479 rediret

522 519 634 549 cum
655 502 845 550 duobus
876 511 1063 550 tantum
1087 504 1365 566 comitibus,
1402 523 1611 570 quorum
1646 507 1764 555 alter
1792 507 1948 556 lucer-

522 596 635 627 nam
667 589 778 627 ante
813 596 862 627 se
899 580 1079 629 ferebat
1096 619 1108 640 ,
1143 599 1231 647 per
1261 583 1484 632 satellites
1519 594 1675 632 certos
1711 585 1779 633 illi
1812 583 1948 652 operi

522 657 783 704 destinatos
796 693 808 717 ,
828 665 1013 723 patrata
1034 658 1141 719 fuit,
1159 676 1325 725 poenas
1347 661 1530 710 debitas
1550 662 1754 728 reposci,
1767 663 1947 728 justitia
1990 688 1994 691 ·

523 733 782 796 mediante,
807 734 1146 798 decreverunt3
1163 747 1234 797 ut,
1252 738 1365 802 quia
1387 740 1498 788 satis
1518 740 1796 803 vehemens,
1814 742 1948 806 quod

469 865 473 869 .
522 821 690 860 auctor
712 822 760 860 et
790 813 1047 862 mandator
1068 814 1196 862 illius
1226 816 1365 864 caedis
1388 817 1484 865 dux
1517 819 1948 884 ipse-Burgundio·—

521 907 641 938 num
670 892 941 948 exstitisset,
960 893 1165 958 suspicio
1191 911 1220 942 a
1238 894 1399 943 multis
1417 895 1703 957 habebatur,
1721 897 1812 945 sibi
1830 914 1947 946 con—

523 968 704 1030 sulens,
745 970 825 1017 cui
857 986 942 1017 sua
975 972 1265 1020 conscientia
1294 989 1394 1020 non
1428 973 1594 1037 ignota
1632 985 1757 1036 erat,
1784 975 1947 1025 relicta

524 1049 773 1097 Parisiensi
794 1049 937 1111 urbe,
965 1050 1026 1097 ad
1054 1060 1203 1098 terras
1224 1068 1331 1099 suas
1353 1053 1513 1100 statim
1533 1053 1764 1103 discessit.

587 1129 751 1190 Itaque
777 1144 904 1186 cum,
931 1127 1013 1176 tali
1036 1127 1323 1177 discessione
1343 1130 1554 1195 elapsus,
1579 1131 1761 1196 laqueis
1786 1131 1945 1197 legum

521 1204 740 1268 distringi
776 1222 878 1252 non
923 1206 1059 1254 facile
1092 1217 1275 1272 posset,
1315 1208 1459 1256 armis
1503 1218 1551 1256 et
1584 1211 1798 1274 potentia
1837 1227 1947 1276 pars

520 1296 642 1329 coeso
676 1282 839 1330 favens
877 1290 924 1330 et
964 1300 1132 1331 necem
1168 1284 1297 1332 illam
1329 1285 1494 1333 ulcisci
1528 1287 1749 1352 cupiens,
1788 1287 1946 1354 ipsum

522 1361 919 1426 Burgundionum
949 1362 1123 1410 ducem
1155 1374 1200 1410 et
1230 1373 1378 1412 terras
1416 1380 1523 1411 suas
1559 1365 1790 1429 aggredi3
1846 1367 1947 1432 ipse

521 1455 635 1486 vero
658 1456 685 1486 e
707 1439 895 1487 diverso
919 1457 1021 1487 sese
1044 1440 1260 1506 finesque
1282 1459 1394 1490 suos
1423 1443 1633 1490 tutariet
1651 1442 1947 1492 adversarios

520 1518 814 1582 opprimere,
841 1527 983 1582 atque
1014 1535 1183 1566 eorum
1221 1520 1472 1568 conatibus
1503 1520 1755 1582 obsistere,
1781 1522 1948 1570 molie-

517 1594 712 1644 bantur.
739 1598 856 1653 Quae
885 1613 960 1643 res
991 1595 1230 1644 bellorum
1264 1598 1476 1646 civilium
1509 1599 1747 1664 primum,
1770 1599 1946 1647 deinde

517 1673 660 1719 etiam
705 1682 1013 1720 externorum
1047 1683 1189 1738 atque
1223 1675 1493 1735 hostilium,
1542 1677 1732 1724 initium
1774 1676 1864 1724 fuit
1899 1687 1947 1724 et

518 1751 678 1814 origo3
698 1766 804 1814 quae
822 1767 922 1797 non
943 1751 1092 1798 modo
1109 1762 1264 1799 totum
1288 1769 1489 1816 regnum
1506 1753 1681 1818 ipsum,
1699 1753 1783 1801 sed
1801 1754 1946 1801 etiam

514 1827 694 1875 vicinas
718 1827 1025 1893 quamplures
1053 1837 1201 1876 terras
1236 1830 1501 1878 innumeris
1523 1847 1660 1896 paene
1682 1839 1730 1878 et
1750 1831 1943 1879 inenar-

516 1904 747 1952 rabilibus
766 1907 990 1953 aerumnis
1013 1916 1158 1971 atque
1180 1906 1531 1955 calamitatibus
1554 1908 1941 1974 adimpleverint.

515 1984 640 2030 Cum
688 1983 843 2042 enim,
892 1993 944 2031 ut
989 1986 1329 2049 praemisimus,
1377 1986 1740 2035 disseminatum
1782 1987 1945 2035 fuisset

515 2076 603 2124 per
640 2076 809 2107 omnes
845 2060 942 2108 fere
977 2061 1189 2109 civitates
1221 2072 1268 2108 et
1293 2063 1567 2127 provincias
1609 2063 1745 2128 regni
1755 2096 1770 2122 ,
1807 2062 1940 2129 quod

515 2147 685 2185 auctor
709 2138 1119 2204 imponendorum
1142 2140 1443 2204 vectigalium
1479 2150 1528 2188 et
1565 2140 1858 2189 tributorum
1892 2142 1941 2189 in

514 2231 663 2279 regno
692 2215 788 2262 dux
814 2215 1229 2264 Aurelianensium
1255 2217 1526 2279 exstitisset,
1553 2217 1652 2265 dux
1673 2234 1790 2266 vero
1819 2221 1942 2266 Bur-

514 2292 820 2359 gundionum
851 2310 907 2341 ea
935 2293 1127 2341 abolere
1159 2304 1303 2357 atque
1326 2294 1387 2343 de
1421 2312 1571 2359 regno
1596 2295 1764 2343 tollere
1787 2303 1836 2343 et
1856 2311 1943 2361 po-

515 2372 656 2438 pulos
693 2372 755 2420 ad
786 2373 1036 2437 antiquam
1064 2373 1336 2422 libertatem
1369 2375 1616 2422 restituere
1647 2391 1738 2440 pro
1759 2373 1943 2422 viribus

514 2460 817 2516 procurasset
848 2459 992 2515 atque
1021 2451 1289 2512 institisset,
1313 2461 1360 2499 et
1389 2453 1437 2499 in
1478 2452 1797 2511 Normannia,
1821 2452 1940 2500 etin

514 2531 667 2596 patria
687 2530 955 2590 Occitana¹,
981 2546 1149 2577 omnes
1177 2547 1311 2595 paene
1333 2532 1614 2596 insigniores
1649 2531 1862 2579 civitates
1895 2540 1942 2579 et

515 2607 694 2674 oppida
724 2617 882 2673 partes
905 2607 1041 2655 ducis
1063 2608 1462 2672 Burgundionum
1491 2619 1664 2658 secutae
1682 2619 1818 2671 sunt,
1837 2619 1941 2657 tan·

514 2701 663 2751 quam
680 2683 798 2749 ejuS‚
812 2701 956 2749 quem
974 2685 1046 2732 sui
1061 2694 1210 2733 status
1223 2701 1279 2733 ac
1292 2686 1522 2735 libertatis
1533 2696 1939 2752 propugnatorem

574 2855 612 2890 1.
642 2854 698 2891 Le
715 2864 810 2904 pays
823 2851 871 2890 de
888 2851 1132 2904 Languedoc.
