2086 3528
460 359 536 400 314
849 356 1192 399 HISTORIARUM
1219 358 1403 402 CAROLI
1428 360 1498 397 vn

458 458 636 490 norum
659 440 888 489 invidiam
910 441 1120 488 conflare
1141 441 1304 507 vellet,
1330 453 1471 508 atque
1494 443 1543 490 in
1566 459 1678 493 eum
1698 447 1877 514 regiam

459 519 838 583 indignationem
873 519 1100 581 excitare,
1129 518 1249 566 illud
1281 520 1370 568 sibi
1400 539 1488 589 pro
1523 524 1720 572 crimine
1752 525 1879 582 velut

460 594 647 660 capitali
678 592 1049 658 impingebatur,
1091 593 1224 658 quod
1259 594 1319 642 de
1357 596 1557 663 pulchra
1591 601 1768 662 Agnete
1803 599 1876 658 Io-

459 682 595 719 cutus
619 671 798 718 fuisset.
817 674 924 737 Ipsa
940 681 1117 734 autem,
1140 689 1250 720 cum
1273 672 1419 721 filiam
1439 692 1587 723 unam
1607 687 1689 724 aut
1711 677 1828 726 duas
1849 695 1879 734 a

458 766 593 813 rege,
622 758 675 796 ut
701 749 826 796 fama
850 759 973 810 erat,
998 751 1257 817 peperisset
1279 752 1310 810 ¹,
1335 762 1382 799 et
1402 752 1451 800 in
1478 753 1594 802 flore
1617 755 1880 822 juventutis

460 836 609 886 esset,
648 826 949 891 dysenterico
991 828 1190 889 morbo,
1229 845 1381 894 prope
1414 833 1754 881 monasterium
1788 835 1879 880 Ge-

460 905 738 964 meticense,
771 906 819 952 in
848 905 959 953 villa
989 905 1173 954 abbatis
1201 907 1414 971 ejusdem
1444 911 1746 970 monasterii,
1773 927 1879 976 quae

460 983 727 1030 Mesnillum
748 985 763 1008 ²
798 983 1079 1050 appellatur,
1134 984 1279 1031 vitam
1324 983 1527 1039 finivit³,
1565 987 1672 1038 Fuit
1718 998 1878 1039 autem

460 1061 510 1116 in
554 1061 726 1108 eodem
772 1062 1064 1111 monasterio
1109 1062 1321 1136 sepulta,
1367 1063 1616 1130 magnifico
1654 1065 1874 1138 desuper,

459 1149 653 1204 sumptu
676 1139 847 1202 regali,
876 1150 1114 1188 exstructo
1137 1152 1483 1206 monumento,
1511 1142 1588 1189 cui
1610 1142 1754 1200 etiam
1775 1161 1879 1201 mo-

459 1217 666 1278 nasterio
708 1217 838 1264 idem
882 1235 965 1270 rex,
1008 1218 1164 1278 dedit,
1211 1236 1301 1289 pro
1342 1219 1625 1272 fundatione
1662 1221 1880 1300 perpetui

461 1291 618 1339 obitus
648 1310 738 1360 pro
784 1293 979 1355 eadem,
1014 1295 1172 1343 villam
1206 1313 1309 1361 quae
1344 1296 1593 1345 Annevilla
1628 1306 1827 1354 vocatur
1844 1301 1878 1365 ⁴,

461 1385 518 1416 ex
539 1361 762 1437 opposito
783 1372 1060 1419 monasterii
1078 1371 1141 1420 ad
1163 1373 1301 1422 aliam
1321 1373 1477 1443 ripam
1495 1376 1724 1446 Sequana-*3
1737 1411 1753 1441 τ
1769 1391 1879 1424 cum

461 1449 755 1515 pertinentiis
777 1450 993 1516 ejusdem
1018 1461 1168 1499 terrae.

894 1583 1238 1651 CAPITULUM
1271 1604 1436 1652 xxm.

475 1709 633 1756 Qualiter
647 1710 802 1752 Jacohus
817 1711 945 1750 Cordis
957 1740 967 1759 ,
987 1714 1206 1760 argentarius
1220 1715 1313 1763 regis
1327 1714 1443 1755 dictus
1454 1740 1465 1762 ,
1481 1723 1605 1766 0³th
1618 1725 1652 1756 et
1667 1729 1733 1767 W
1747 1729 1864 1768 regem

974 1773 1229 1810 condemnatus
1249 1775 1365 1810 fuerit.

527 1865 586 1913 Et
610 1865 841 1928 quoniam
875 1865 1008 1931 quod
1042 1883 1233 1916 veneno
1253 1868 1484 1921 exstincta
1505 1869 1667 1920 fuisset
1687 1887 1880 1938 suspec-

463 1951 556 2000 tus,
582 1943 762 1992 aemulis
784 1943 1176 2008 procurantibus,
1203 1945 1410 1995 Jacobus
1433 1947 1602 1996 Cordis
1616 1983 1630 2007 ‚
1656 1959 1878 2013 argenta-

461 2019 559 2066 rius
582 2020 705 2083 regis
719 2057 732 2081 ,
771 2021 961 2070 habitus
992 2032 1062 2071 est
1086 2022 1106 2087 (
1118 2022 1228 2072 licet
1245 2040 1410 2075 revera
1428 2025 1490 2076 de
1507 2025 1605 2074 hoc
1619 2041 1648 2074 a
1663 2025 1880 2092 pluribus

461 2097 734 2146 crederetur
788 2100 1072 2164 immunis),
1130 2113 1462 2151 consummata
1519 2103 1880 2169 recuperatione

462 2177 789 2235 Normanniae,
832 2178 893 2225 ad
926 2195 1072 2243 quam
1106 2180 1305 2228 consilia
1339 2190 1482 2246 atque
1512 2198 1628 2246 opes
1666 2180 1880 2245 ejusdem

461 2254 738 2315 argentarii,
777 2255 1188 2318 quemadmodum
1228 2261 1371 2323 supra
1414 2258 1686 2318 retulimuS,
1731 2257 1881 2324 pluri-

463 2344 597 2381 mum
626 2329 902 2392 valuerant,
941 2331 1005 2379 ob
1036 2332 1150 2380 dicti
1179 2333 1393 2384 veneficii
1423 2334 1742 2400 suspicionem
1771 2350 1881 2385 reus

516 2455 555 2493 1.
587 2454 646 2492 On
677 2466 726 2492 en
752 2453 908 2494 connait
936 2463 1097 2508 quatre,
1127 2455 1222 2499 dont
1252 2456 1291 2496 la
1321 2455 1499 2496 derniere
1535 2465 1696 2506 mourut
1721 2471 1800 2513 peu
1831 2455 1880 2499 de

462 2522 584 2567 temps
602 2514 714 2566 apres
734 2513 771 2553 la
787 2515 906 2554 mere,

515 2576 555 2611 2.
586 2576 639 2612 Le
658 2574 794 2612 Mesnil
808 2604 819 2622 ‚
844 2576 865 2611 Ξι
883 2574 966 2612 cote
986 2574 1034 2613 de
1053 2578 1075 2613 J
1078 2575 1264 2629 umieges.

517 2635 555 2672 3.
585 2637 641 2672 Le
659 2636 709 2672 12
729 2634 874 2673 sevrier
893 2636 1011 2673 1450.

515 2697 554 2732 4.
585 2695 808 2745 Anneville‚
829 2709 878 2735 en
902 2697 984 2735 sace
1003 2696 1053 2735 de
1075 2697 1245 2736 Duciair.
1267 2699 1395 2737 L'acte
1415 2698 1464 2738 de
1483 2699 1701 2750 fondation‚
1722 2713 1776 2742 ou
1791 2700 1881 2755 piu-

459 2756 517 2794 tot
545 2755 674 2796 l'aveu
709 2761 827 2808 qu’eu
862 2758 942 2796 sont
971 2758 1027 2797 les
1059 2759 1249 2812 religieux
1283 2759 1331 2798 de
1363 2760 1582 2813 Jumiiages,
1620 2774 1669 2800 en
1705 2761 1794 2801 date
1825 2761 1880 2800 du

461 2815 511 2852 22
531 2827 634 2854 mars
655 2819 756 2856 1449
787 2817 929 2867 (vieux
948 2819 1090 2871 style),
1125 2833 1149 2859 a
1186 2820 1246 2859 etc
1271 2820 1451 2874 imprime
1478 2835 1550 2875 par
1581 2825 1636 2864 M.
1672 2822 1797 2862 Vallot
1829 2822 1879 2862 de

462 2874 658 2924 Viriville,
680 2875 706 2916 l.
729 2891 783 2926 c.,
806 2891 846 2929 p.
872 2880 961 2916 317.
