2086 3528
535 381 584 419 26
907 382 1251 422 HISTORIARUM
1276 384 1459 424 CAROLI
1487 387 1557 425 VII

1010 597 1079 643 CA
1087 597 1346 646 PITULUM
1378 602 1457 646 Xl.

574 740 627 774 De
642 737 810 774 descensu
825 738 982 775 secundo
999 739 1143 775 Henrici
1160 741 1357 788 Anglorum
1368 742 1459 791 regis
1476 743 1780 781 inNormanniam
1797 745 1895 795 apud
1920 793 1933 805 ¹

1153 801 1313 837 Toleam.

588 920 802 967 Decurso
824 935 940 968 vero
954 919 1170 980 biennio,
1189 921 1477 970 instruendis
1493 923 1719 972 exercitui
1739 933 1787 972 et
1803 924 1940 973 classi

522 995 764 1060 impenso,
801 1013 937 1058 cum,
972 1006 1025 1044 ut
1059 997 1236 1046 celebri
1271 997 1396 1047 fama
1426 1016 1514 1065 per
1544 1010 1702 1050 totum
1735 1019 1938 1067 regnum

522 1073 728 1121 Franciae
740 1073 996 1138 ferebatur,
1019 1075 1118 1123 dux
1133 1076 1532 1140 Burgundionum
1550 1078 1701 1128 foedus
1713 1097 1826 1129 cum
1850 1084 1938 1130 An-

521 1150 711 1215 glorum
746 1168 856 1216 rege
890 1154 1196 1218 percussisset
1209 1156 1238 1215 ¹,
1275 1154 1464 1202 solvens
1489 1171 1516 1203 e
1549 1156 1706 1205 littore
1739 1158 1935 1208 classem

521 1229 782 1293 Anglorum
804 1247 886 1278 rex
906 1231 1036 1279 idem
1057 1233 1312 1293 Henricus,
1337 1232 1398 1280 de
1421 1250 1520 1298 quo
1539 1251 1684 1300 supra
1704 1235 1931 1300 diximuS,

517 1306 580 1354 ad
605 1306 764 1355 littora
779 1310 1082 1357 Normanniae
1105 1309 1312 1375 appulit,
1339 1321 1560 1359 currente
1587 1329 1718 1361 anno
1740 1315 1936 1362 Domini

516 1401 572 1430 M.
594 1400 722 1432 cccc.
742 1401 880 1446 xvn„
906 1402 1071 1433 mense
1090 1397 1309 1452 augusto,
1333 1389 1420 1435 Cui
1445 1387 1592 1455 [cum]
1612 1390 1798 1451 Franci,
1813 1389 1934 1458 [qui]

516 1462 820 1511 multitudine
832 1480 1087 1512 numerosa
1103 1474 1396 1514 armatorum
1414 1476 1551 1514 terrae
1562 1466 1722 1515 littora
1729 1468 1935 1534 comple-

513 1539 649 1601 bant,
663 1557 725 1587 ne
737 1541 787 1587 in
802 1551 975 1590 terram
991 1542 1301 1591 descenderet
1312 1581 1324 1604 ,
1337 1561 1424 1610 per
1444 1545 1564 1592 dies’
1578 1545 1761 1610 aliquot
1773 1547 1933 1595 conati

514 1617 714 1664 fuissent
735 1618 986 1680 obsistere,
1021 1620 1156 1668 irrito
1187 1631 1348 1670 tamen
1379 1639 1548 1670 eorum
1583 1624 1754 1671 annisu
1776 1623 1928 1685 facte,

511 1697 774 1761 Anglorum
795 1697 955 1745 classis
985 1698 1145 1747 littora
1170 1701 1323 1748 tenuit
1350 1700 1479 1766 apud
1511 1700 1745 1762 Tolcam³,
1769 1701 1929 1750 villam

512 1776 829 1836 maritimam,
852 1786 900 1823 et
926 1776 1021 1824 illic
1051 1778 1101 1825 in
1123 1788 1321 1839 terram,
1355 1779 1637 1827 cedentibus
1661 1779 1744 1844 qui
1769 1779 1830 1828 ad
1853 1779 1932 1828 lit-

510 1861 670 1900 torum
689 1855 1009 1902 munitionem
1023 1855 1364 1918 adventarant,
1384 1856 1752 1905 descenderunt.
1770 1859 1930 1916 Quan-

509 1941 584 1979 tus
606 1948 721 1980 vero
744 1941 897 1980 terror
908 1934 1070 1999 patriae
1089 1934 1267 1982 incolas
1284 1935 1532 1996 invaserit,
1550 1944 1930 2000 quantusmetus

507 2025 565 2057 ex
588 2009 692 2057 solo
726 2011 989 2075 Anglorum
1026 2013 1223 2060 nomine
1254 2013 1528 2075 incesserit,
1567 2029 1667 2061 non
1702 2021 1773 2060 est
1793 2011 1927 2061 facile

506 2086 681 2135 dicere.
708 2091 777 2135 lta
800 2090 928 2136 enim
950 2100 1146 2155 repente
1180 2100 1280 2137 tota
1301 2090 1452 2155 patria
1481 2090 1703 2138 exterrita
1731 2089 1847 2150 fuit,
1874 2100 1927 2138 ut

504 2163 664 2212 nullus
691 2182 827 2230 paene
844 2202 856 2225 ‚
890 2167 979 2214 nisi
1002 2168 1051 2213 in
1081 2166 1184 2214 sola
1210 2167 1346 2231 fuga,
1383 2167 1564 2232 aliquid
1595 2166 1685 2214 sibi
1716 2167 1924 2234 praesidii

503 2241 721 2289 relictum
745 2261 845 2291 esse
867 2243 1150 2292 confideret.
1178 2247 1235 2291 Et
1259 2245 1349 2292 nisi
1376 2245 1426 2291 in
1448 2243 1687 2310 plerisque
1718 2245 1924 2292 civitati-

503 2319 593 2367 bus
616 2330 664 2368 et
681 2322 871 2387 oppidis
894 2339 922 2369 a
949 2323 1206 2388 capitaneis
1226 2361 1238 2385 ‚
1264 2322 1437 2387 quibus
1460 2322 1679 2370 locorum
1703 2323 1921 2373 custodia

503 2397 729 2447 mandata
757 2410 859 2448 erat
876 2438 888 2459 ,
911 2400 1141 2449 obseratae
1167 2400 1363 2449 fuissent
1383 2410 1532 2466 portae
1548 2437 1560 2461 ,
1595 2410 1643 2448 et
1668 2400 1836 2450 incolae
1871 2403 1918 2451 vi

555 2542 594 2580 1.
625 2543 686 2580 Au
713 2540 812 2591 sujet
835 2541 885 2580 de
909 2554 954 2580 ce
980 2540 1091 2581 traite
1122 2541 1189 2593 qui
1225 2541 1284 2580 fut
1312 2541 1485 2591 toujours
1522 2550 1615 2582 tenu
1642 2550 1788 2593 secret,
1828 2544 1916 2585 voir

499 2605 553 2642 M.
569 2601 762 2652 Michelet,
783 2606 951 2641 Histoire
967 2605 1014 2640 de
1029 2605 1188 2649 France,
1210 2610 1238 2642 t.
1260 2604 1326 2650 IV,
1347 2616 1387 2654 p.
1410 2604 1503 2652 342,
1524 2611 1614 2643 note
1634 2604 1672 2641 2.

553 2665 592 2701 Ξ.
623 2665 668 2701 Je
685 2662 835 2716 corrige
855 2662 892 2701 la
907 2665 1017 2713 lecon
1030 2662 1080 2700 du
1101 2661 1311 2701 manuscrit
1326 2674 1374 2700 en
1394 2662 1636 2714 supprimant
1653 2677 1699 2701 ac
1716 2662 1825 2716 place
1844 2662 1914 2703 de-

497 2724 761 2772 vantperdies
772 2731 810 2761 et
821 2735 870 2762 en
883 2722 1088 2775 suppleant
1097 2722 1154 2761 les
1168 2729 1265 2761 mots
1277 2730 1385 2761 entre
1398 2723 1571 2762 crochets
1585 2723 1679 2764 dans
1690 2724 1727 2764 le
1740 2723 1915 2765 membre

497 2782 718 2835 precedent.

552 2845 591 2884 3.
623 2845 822 2895 Touques,
852 2845 874 2882 a
897 2842 1187 2882 l'embouchure
1211 2843 1258 2882 de
1277 2843 1315 2882 la
1339 2843 1453 2893 Dive,
1477 2843 1724 2893 aujourd’hui
1750 2845 1845 2885 dans
1874 2846 1911 2886 le

495 2902 759 2955 departement
778 2903 831 2943 du
848 2903 1050 2946 Calvados.
1070 2906 1142 2944 Les
1161 2903 1386 2943 manuscrits
1405 2912 1560 2956 portent
1578 2907 1741 2945 Colcam.
