2086 3528
549 356 625 393 146
938 345 1281 410 HISTORIARUM
1301 347 1483 390 CAROLI
1509 353 1579 389 vn

547 437 801 486 necabant.
855 432 1134 480 Audivimus
1183 439 1273 480 nos
1319 435 1479 499 ipsum
1533 435 1759 482 Carohmi
1805 432 1965 500 regem

548 516 832 563 referentem
853 510 1009 575 quod,
1037 519 1150 557 eum
1171 521 1352 574 equum
1381 512 1471 559 sibi
1496 527 1523 559 a
1547 513 1669 572 suis,
1702 520 1842 578 porta
1866 520 1966 580 op*-

546 592 647 658 pidi
683 599 889 637 reserata
918 602 1004 635 seu
1038 587 1256 645 effracta,
1287 588 1549 636 adductum
1581 583 1962 651 conscendisset,

545 679 593 716 et
615 670 664 715 in
697 666 852 732 platea
879 664 1048 731 oppidi
1070 677 1195 712 unus
1218 665 1465 729 Anglieu's‘,
1499 678 1644 732 quem
1678 667 1878 732 quidam
1905 668 1968 716 'de

544 747 658 805 suis,
684 745 882 793 vibratis
898 743 962 791 ad
982 756 1094 790 eum
1116 737 1433 791 occidendum
1458 745 1970 809 gladiis,.insectaha'n-

542 835 646 884 tur,
687 832 894 871 mortem
926 822 1090 885 fugere
1126 822 1354 885 gestiens,
1400 834 1500 870 sese
1534 824 1626 871 sub
1657 830 1825 872 ventre
1857 827 1970 891 equi

544 902 800 962 oceuleret,
825 910 872 947 et
891 901 1039 947 vitam
1061 912 1149 964 per
1169 899 1294 964 regis
1310 901 1666 950 miset-ationem
1686 902 1969 952 habiturum

540 989 784 1045 speraret,
814 987 947 1025 tanto
971 978 1133 1024 furore
1165 978 1434 1042 saevitiaque
1458 991 1485 1026 a
1511 981 1606 1026 suis
1635 980 1777 1029 fuisse
1806 996 1969 1047 prose-

541 1067 741 1116 cutum,
770 1067 822 1103 ut
851 1069 1030 1120 equum
1069 1056 1251 1120 ipsum,
1292 1055 1371 1102 eui
1410 1055 1650 1104 insidebat
1678 1068 1760 1107 rex
1781 1095 1793 1119 ,
1834 1072 1970 1126 paene

540 1133 838 1196 occiderent3
866 1143 912 1180 et
935 1133 1044 1179 licet
1063 1133 1214 1180 vitam
1236 1133 1413 1198 ipsius,
1446 1134 1750 1182 miseratione
1777 1144 1969 1201 permo-

542 1223 640 1271 tus,
681 1212 858 1259 servari
895 1210 1150 1271 voluisset,
1191 1211 1414 1275 suisque,
1456 1220 1510 1258 ut
1542 1210 1836 1274 desisterent,
1858 1223 1969 1261 eum

541 1290 752 1337 clamore
788 1287 948 1335 valido
985 1288 1269 1351 imperaret,
1309 1286 1435 1335 nihil.
1467 1298 1629 1336 tamen
1664 1299 1756 1338 neo
1789 1288 1971 1340 clamor

543 1384 634 1415 nec
675 1367 933 1432 imperium
967 1363 1202 1430 proficere
1247 1375 1511 1430 potuerunt
1553 1366 1816 1432 quomin'ue
1857 1374 1970 1417 etim

543 1445 813 1510 gladiorum
846 1443 971 1489 acies
1008 1442 1297 1490 devorarent
1322 1456 1332 1489 ε’
1360 1453 1494 1491 tanta
1523 1444 1696 1493 furoris
1737 1445 1892 1495 rabies
1923 1457 1972 1495 et

541 1523 613 1569 ira
635 1521 806 1569 animis
827 1530 940 1567 tune
963 1522 1260 1566 Francorum
1280 1520 1555 1569 insederant
1575 1521 1584 1569 !

608 1603 743 1646 Hane
780 1607 942 1644 autem
982 1606 1126 1644 tantae
1161 1597 1428 1645 acerbitatis
1463 1600 1581 1646 iram
1620 1600 1738 1648 inde
1780 1600 1972 1650 aiebant

544 1676 792 1733 obortam,
823 1674 957 1739 quod
989 1674 1067 1721 ille
1096 1675 1323 1722 dominus
1345 1675 1405 1722 de
1439 1676 1618 1736 Talbot,
1646 1689 1744 1726 una
1780 1689 1836 1727 ex
1856 1681 1970 1728 ‘viei-

541 1755 634 1803 bus
662 1771 758 1819 qua
779 1754 946 1801 solatia
969 1752 1173 1800 obsessis
1197 1755 1489 1819 praestiturus
1517 1756 1632 1804 illue
1655 1757 1938 1808 adventarat
1953 1798 1964 1820 ‚

542 1833 804 1898 quemdam
816 1832 1103 1896 armigerum
1121 1835 1432 1895 Francorum,
1454 1835 1552 1898 qui,
1577 1847 1604 1882 e
1626 1837 1792 1884 castris
1808 1837 1969 1887 exiens

543 1914 655 1958 oum
676 1910 842 1957 lancea
864 1908 1122 1956 adversum
1148 1908 1336 1973 hostes,
1365 1921 1532 1976 captus
1555 1912 1616 1960 ab
1648 1914 1764 1979 ipsis
1785 1914 1964 1976 (hem,

542 1989 804 2037 adductum
828 2003 991 2035 coram
1008 2002 1058 2034 se
1082 1997 1247 2053 postea
1267 1998 1314 2036 et
1329 1999 1640 2050 exarmatum,
1666 1993 1820 2040 securi
1844 1993 1968 2059 ipse-

542 2070 641 2114 me't
661 2075 957 2131 percusserat
975 2076 1022 2112 et
1035 2066 1309 2133 immaniter
1327 2077 1472 2132 atque
1490 2068 1747 2116 crudeliter
1762 2070 1968 2119 trucida·

541 2147 659 2191 rat¹.
684 2147 741 2189 Et
763 2142 828 2189 ob
858 2159 965 2190 eam
986 2143 1333 2191 immanitatem
1354 2143 1404 2190 in
1430 2157 1558 2204 eum,
1597 2146 1680 2209 qui
1710 2145 1887 2195 nobilis
1920 2159 1967 2197 et

541 2231 762 2268 strenuus
782 2229 883 2267 erat
905 2219 1058 2280 miles,
1087 2220 1153 2266 sic
1175 2219 1461 2281 admissam,
1492 2231 1663 2270 eontra
1688 2223 1767 2286 jus
1789 2233 1838 2272 et
1865 2225 1962 2289 fus,

542 2315 655 2345 cum
683 2298 898 2362 captivus
929 2307 1141 2344 servatus
1171 2297 1260 2344 sub
1291 2298 1480 2363 fideque
1515 2309 1739 2365 receptus
1768 2301 1960 2367 fuisset,

540 2385 780 2441 quotquot
808 2376 1026 2423 saeviente
1061 2375 1220 2439 gladio
1255 2375 1316 2423 de
1353 2376 1556 2440 Anglieis
1603 2378 1788 2426 inventi
1820 2389 1962 2441 sunt,

538 2455 718 2502 inferiis
748 2455 871 2502 illius
909 2455 1132 2502 trucidati
1155 2465 1201 2502 et
1231 2455 1462 2502 victimati
1495 2455 1688 2503 fuerunt
1718 2467 1868 2522 usque
1900 2458 1964 2507 ad

538 2549 627 2581 nec
648 2533 723 2581 vel
747 2549 880 2581 neec.
908 2532 1071 2580 Plures
1090 2543 1249 2580 tamen
1272 2533 1320 2579 in
1353 2531 1502 2580 foveis
1525 2544 1572 2581 et
1606 2533 1826 2597 cellariis,
1858 2548 1965 2602 qute

537 2613 587 2659 in
611 2611 792 2677 oppido
817 2610 955 2658 valde
974 2611 1215 2676 profunda
1242 2622 1290 2659 et
1308 2611 1470 2661 abdita
1493 2624 1631 2676 sunt,
1668 2626 1718 2663 se
1739 2615 1961 2665 occulue-

591 2731 629 2769 1.
662 2732 712 2770 Ce
745 2729 832 2770 trait
861 2731 909 2770 de
934 2731 1092 2770 cruaute
1110 2734 1207 2770 n'est
1226 2733 1506 2784 passrapporte
1527 2733 1622 2774 dans
1645 2733 1702 2774 les
1729 2727 1962 2788 chroniques

536 2791 588 2828 du
618 2799 764 2842 temps,
797 2799 835 2830 et
861 2791 887 2829 il
914 2791 991 2830 m’a
1016 2791 1075 2829 e'te'
1104 2790 1328 2843 impossible
1363 2792 1411 2832 de
1441 2802 1644 2834 retrouver
1667 2794 1703 2834 le
1729 2807 1821 2834 nom
1846 2793 1895 2834 de
1922 2795 1959 2834 la

536 2860 704 2889 Vlcttme.
