2086 3528
742 364 888 402 LIBER
914 355 1184 401 SECUNDUS.
1626 363 1671 399 71

252 465 308 497 ac
333 447 552 496 liberare.
588 449 812 494 Parentes
842 445 1002 509 itaque
1032 443 1129 491 suis
1158 440 1453 506 jussionibus
1473 441 1674 502 milites,

251 525 394 575 veluti
417 527 456 575 si
481 525 707 574 divinitus
729 522 819 571 sibi
842 523 974 571 factae
996 522 1177 583 forent,
1203 531 1251 570 et
1271 522 1374 587 ipsa
1394 537 1506 568 cum
1526 521 1593 569 eis
1617 523 1677 570 si-

250 605 351 653 mul
373 604 508 652 ducis
534 613 582 651 et
603 602 784 650 strenui
815 601 975 649 militis
1003 618 1227 649 exercens
1251 600 1487 661 officium,
1513 617 1674 649 arcem

249 684 378 732 illam
394 683 700 731 fortissimam
714 681 764 728 in
783 681 933 728 altero
953 690 1165 729 extremo
1184 691 1351 747 ponte,
1368 698 1426 729 ex
1448 681 1673 748 opposito

249 761 472 822 civitatis,
499 761 725 826 aggressi,
758 776 864 824 quae
898 760 1078 807 caeteris
1103 769 1151 807 et
1175 759 1300 807 vallo
1324 769 1372 807 et
1396 761 1574 808 militiae
1599 777 1675 808 ro·

248 839 367 888 bore
388 839 623 886 munitior
647 837 921 904 putabatur,
955 838 1099 885 etiam
1130 853 1304 902 magna
1326 838 1668 903 expugnavit¹3

248 927 389 982 atque
411 918 521 982 igne
545 917 794 983 supposito
811 916 860 963 in
883 917 1025 975 turri,
1048 915 1141 974 his,
1166 915 1247 980 qui
1271 915 1321 962 in
1346 915 1672 981 superioribus

246 994 618 1061 propugnaculis
634 994 902 1042 defensioni
918 992 1216 1053 insistebant,
1234 992 1429 1040 flamma
1442 992 1672 1058 fumoque

245 1075 535 1135 coarctatis²‚
550 1074 636 1122 -vel
657 1074 781 1121 saltu
804 1073 880 1120 vel
903 1072 1097 1119 funibus
1121 1073 1211 1138 ipsi
1239 1072 1468 1120 deorsum
1487 1090 1536 1120 se
1560 1074 1671 1121 mit-

245 1161 343 1201 tere
365 1154 519 1200 coacti
542 1161 670 1200 sunt.
698 1155 826 1199 Inter
847 1168 970 1216 quos
995 1160 1216 1198 strenuus
1235 1150 1314 1198 ille
1336 1149 1472 1197 miles
1498 1150 1671 1197 Classe-

243 1228 355 1290 das,
395 1230 474 1277 cui
511 1230 655 1277 totius
692 1228 959 1277 obsidionis
999 1228 1237 1277 sarcinam
1272 1244 1299 1276 a
1342 1226 1669 1275 Salisberiensi

241 1308 419 1356 comite
442 1307 656 1356 relictam
682 1324 827 1372 supra
855 1305 1129 1366 retulimus,
1157 1306 1275 1353 dum
1309 1305 1427 1353 fumi
1450 1306 1668 1370 ignisque

241 1385 593 1434 vehementiam
628 1385 1004 1450 violentiamque
1058 1384 1265 1448 effugere
1306 1393 1538 1448 satageret
1558 1421 1570 1445 ,
1617 1384 1665 1431 in

240 1465 375 1529 aquis
394 1465 588 1528 Ligeris,
614 1463 790 1529 quibus
810 1463 980 1512 eadem
999 1464 1141 1511 turris
1162 1462 1386 1522 ambitur,
1408 1461 1666 1509 suffocatus

239 1550 323 1589 est.
364 1542 452 1590 Alii
481 1559 595 1590 vero
618 1560 787 1591 omnes
809 1542 1044 1602 similiter,
1072 1544 1147 1590 vel
1166 1542 1298 1606 igne,
1320 1541 1394 1588 vel
1416 1540 1542 1588 ferro
1558 1578 1570 1600 ,
1590 1539 1665 1588 vel

239 1635 473 1684 aquarum
495 1622 678 1686 gurgite
706 1621 1029 1668 consummati
1047 1622 1196 1668 sunt³.

303 1699 410 1756 Qua
448 1699 586 1764 potiti
620 1699 818 1747 victoria
854 1699 1045 1758 Franci,
1082 1697 1215 1764 quod
1248 1697 1494 1745 residuum
1534 1707 1634 1745 erat
1649 1735 1661 1759 ,

236 1785 464 1842 tanquam
508 1777 667 1825 minus
699 1777 885 1825 habens
922 1776 1242 1838 difficultatis,
1293 1793 1394 1824 sese
1433 1774 1663 1842 perficere

235 1856 323 1905 suh
346 1857 525 1906 ducatu
543 1869 590 1906 et
605 1858 778 1907 vexillo
795 1858 1031 1924 praedictae
1049 1858 1220 1906 Puellae
1233 1893 1246 1918 ‚
1263 1857 1518 1905 auxiliante
1535 1860 1657 1917 Deo,

234 1937 374 2002 plene
408 1937 731 1999 confidentes,
758 1938 820 1986 ad
844 1939 934 1987 alia
960 1938 1223 2003 Anglorum
1252 1947 1404 1985 castra
1428 1936 1660 1984 bastilias-

233 2033 326 2082 que
348 2033 406 2064 ex
427 2017 575 2065 altera
595 2027 730 2084 parte
752 2018 955 2066 civitatis
978 2027 1025 2065 et
1046 2017 1257 2065 fluminis
1280 2015 1494 2064 similiter
1510 2031 1660 2081 expu-

231 2094 468 2159 gnandas,
494 2112 581 2143 sua
609 2096 797 2161 agmina
826 2106 969 2161 atque
991 2096 1116 2143 acies
1143 2094 1436 2142 direxerunt.
1459 2096 1518 2140 Et
1540 2093 1663 2140 mira

231 2174 471 2222 alacritate
497 2185 543 2222 et
566 2175 845 2223 fortitudine
859 2213 871 2236 ,
900 2174 1076 2240 quibus
1097 2173 1244 2240 paulo
1264 2182 1374 2220 ante
1397 2171 1660 2236 Anglorum

231 2266 411 2299 nomen
435 2252 556 2300 adeo
577 2252 879 2300 formidabile
903 2252 1079 2314 fuerat,
1105 2261 1156 2299 ut
1178 2267 1279 2298 non
1303 2248 1453 2297 modo
1477 2265 1561 2296 eos
1585 2265 1661 2313 ag-

230 2329 379 2393 gredi,
406 2329 490 2377 sed
512 2347 574 2378 ne
598 2340 872 2396 exspectare
895 2330 1093 2396 quidem
1116 2345 1322 2396 usquam
1337 2328 1486 2376 ferme
1509 2327 1658 2375 aude-

230 2417 355 2470 rent,
375 2409 559 2456 etiamsi
581 2425 785 2456 numero
813 2408 1093 2474 viribusque
1114 2408 1258 2473 longe
1276 2415 1573 2473 praestarent,
1594 2405 1660 2452 ita

230 2496 283 2533 ut
306 2486 447 2552 plene
476 2486 702 2535 admirari
733 2488 896 2536 liceret
926 2488 1060 2553 quod
1094 2488 1143 2535 in
1175 2487 1363 2536 cantico
1391 2502 1479 2533 suo
1503 2487 1659 2531 Moses

229 2565 403 2612 cecinit
425 2583 436 2610 ε
475 2586 498 2609 <c
534 2566 795 2624 Quomodo
819 2576 1134 2633 persequatur
1161 2583 1284 2613 unus
1307 2563 1462 2624 mille,
1488 2572 1534 2610 et
1558 2560 1656 2608 duo

229 2642 400 2707 fugent·
430 2642 596 2691 decem
639 2644 821 2693 millia?
845 2666 868 2689 >2
897 2646 960 2693 ita
996 2655 1113 2693 tunc
1141 2644 1231 2693 sub
1255 2643 1427 2691 Puellae
1461 2645 1658 2689 Joannae

286 2764 303 2798 1
318 2789 326 2798 .
358 2760 550 2812 Suppleez
570 2765 618 2801 vi.

284 2821 323 2857 2.
354 2819 463 2858 Lisez
475 2821 584 2860 lul...
601 2824 795 2862 coarctati.

289 2882 324 2919 3.
356 2881 410 2918 Le
431 2883 453 2918 7
471 2880 548 2918 mai
568 2882 687 2920 1429.
