2086 3528
551 335 628 372 188
934 333 1275 374 HISTORIARUM
1300 334 1480 373 CAROLI
1506 335 1576 372 vn

554 418 726 464 retur¹.
762 414 1031 463 Pertinebat
1071 416 1201 463 enim
1234 417 1484 465 comitatus
1506 415 1872 478 Cenomanniae,
1903 431 1961 464 ex

553 503 751 558 paterna
799 492 1133 553 successione,
1186 492 1384 541 domino
1434 494 1605 543 Carolo
1649 493 1958 559 Andegaviaex,

555 570 685 617 fratri
707 569 828 633 regis
851 569 1015 626 siciliae
1037 570 1221 632 Renati,
1247 569 1307 618 de
1329 588 1426 636 quo
1448 588 1592 638 supra
1613 571 1808 620 fecimus
1830 585 1965 620 men-

555 647 751 694 tionem.
796 650 838 694 Is
872 657 1032 695 autem
1068 647 1266 695 Carolus
1303 649 1425 696 inter
1460 667 1626 699 omnes
1657 649 1837 698 aulicos
1864 650 1964 715 regi

557 723 747 771 charior
768 734 910 789 atque
932 725 1196 790 proximior
1214 724 1495 774 habebatur.

623 804 738 859 Quae
762 802 976 850 conditio
1001 803 1087 850 etsi
1112 802 1320 868 perdura
1349 805 1596 870 gravisque
1618 805 1879 870 plurimum
1905 802 1966 852 ab

558 878 762 942 Anglicis
802 879 1073 938 duceretur,
1108 896 1214 928 eam
1241 890 1428 939 tamen,
1464 891 1517 929 ut
1549 883 1789 948 praesentis
1824 891 1967 947 atque

558 958 851 1006 imminentis
874 958 1100 1023 periculi,
1127 959 1166 1006 si
1189 958 1251 1006 ad
1278 975 1495 1023 guerram
1515 959 1764 1021 rediretur,
1793 959 1969 1008 damna

559 1034 820 1098 effugerent
839 1035 914 1082 vel
937 1035 1183 1083 differrent
1196 1073 1210 1096 ,
1237 1035 1489 1101 amplexati
1506 1046 1614 1083 sunt
1627 1071 1641 1097 ‚
1667 1047 1714 1084 et
1735 1036 1969 1084 civitatem

558 1112 831 1177 praedictam
844 1114 899 1160 in
911 1130 1081 1162 manus
1097 1114 1217 1178 regis
1231 1130 1466 1179 reponere
1478 1113 1598 1161 infra
1607 1113 1859 1176 limitatum
1873 1130 1971 1162 cer—

560 1199 759 1255 tumque
776 1191 905 1238 diem
923 1192 1261 1257 promiserunt.
1277 1191 1421 1255 Cujus
1431 1191 1756 1257 promissionis
1765 1207 1876 1240 cum
1886 1191 1973 1239 im-

558 1259 854 1332 plementum
863 1270 1060 1317 minime
1070 1268 1377 1318 subsecutum
1386 1269 1566 1332 suisset,
1576 1279 1623 1317 et
1631 1269 1973 1321 reluctarentur

561 1346 733 1394 milites
759 1347 898 1410 Angli
920 1358 967 1394 et
987 1348 1287 1413 capitaneus,
1312 1348 1395 1412 qui
1416 1364 1505 1413 pro
1525 1347 1743 1396 custodia
1760 1341 1974 1411 ejusdem

561 1424 656 1472 illic
691 1424 877 1473 fuerant
908 1425 1149 1487 collocati,
1184 1425 1246 1473 ad
1279 1426 1430 1491 ipsam
1459 1426 1508 1472 vi
1540 1435 1586 1473 et
1606 1426 1748 1474 armis
1775 1441 1976 1491 recupe-

560 1501 764 1549 randam
793 1506 1086 1550 Francorum
1106 1519 1187 1550 rex
1202 1540 1214 1564 ,
1242 1502 1414 1550 effluxo
1437 1512 1613 1550 statuto
1635 1512 1851 1568 tempore
1877 1517 1975 1566 quo

562 1579 701 1627 reddi
714 1580 848 1644 juxta
869 1581 1153 1646 promissam
1175 1580 1322 1628 fidem
1343 1580 1590 1642 debuerat,
1605 1598 1746 1628 suum
1764 1579 1978 1629 admovit

563 1658 825 1705 exercitum
845 1694 858 1718 ‚
896 1675 1098 1722 eamque
1125 1657 1281 1706 valida
1317 1657 1567 1706 obsidione
1600 1658 1830 1707 vallavit’.
1856 1661 1978 1706 Cum

562 1744 723 1781 autem
757 1734 975 1782 viderent
1008 1735 1175 1800 Angli,
1214 1735 1395 1783 viribus
1431 1736 1569 1784 valde
1596 1746 1712 1784 tunc
1740 1737 1974 1802 impareS,

565 1811 767 1859 obsessis
795 1812 1024 1859 auxilium
1039 1812 1235 1860 minime
1261 1830 1310 1860 se
1329 1830 1467 1879 posse
1489 1823 1728 1879 praestare,
1754 1830 1878 1874 eam,
1901 1813 1980 1860 in-

563 1891 648 1937 viti
667 1891 794 1951 licet,
815 1891 899 1939 sed
919 1901 966 1939 et
987 1893 1158 1952 coacti,
1174 1891 1374 1940 reddere
1395 1901 1740 1941 consenserunt
1753 1893 1783 1954 ⁸,
1805 1901 1980 1955 treugae

565 1967 876 2016 nihilominus
898 1969 1029 2017 factae
1051 1970 1388 2035 prorogatione
1410 1969 1626 2019 durante.

621 2145 658 2182 1.
696 2161 712 2177 «ι
729 2146 783 2182 Le
808 2157 879 2195 roy
907 2143 1186 2197 d'Angleterre,
1218 2157 1291 2196 par
1315 2143 1352 2183 le
1378 2142 1527 2183 traictie
1553 2142 1602 2181 de
1628 2151 1700 2181 son
1721 2139 1890 2194 mariage
1913 2137 1982 2178 fait

568 2211 676 2241 entre
697 2203 762 2254 luy
785 2212 823 2242 et
840 2203 878 2242 la
895 2203 972 2242 fille
993 2203 1046 2241 du
1068 2216 1139 2254 roy
1157 2202 1206 2241 de
1225 2202 1389 2251 Secille,
1416 2201 1524 2241 avoit
1550 2200 1719 2253 promis,
1746 2197 1983 2238 incontinent

567 2266 680 2315 apres
704 2263 797 2301 ledit
820 2263 1013 2316 mariage,
1033 2261 1173 2301 rendre
1194 2262 1232 2300 la
1251 2261 1343 2302 ville
1361 2261 1414 2300 du
1431 2263 1540 2299 Mans
1563 2268 1602 2299 et
1624 2259 1680 2299 les
1703 2267 1831 2298 autres
1855 2257 1983 2311 places

569 2322 662 2373 qu'il
696 2322 814 2360 tenoit
845 2336 892 2361 en
923 2322 961 2360 la
991 2322 1115 2360 comte
1146 2321 1199 2360 du
1226 2321 1367 2360 Maine.
1389 2337 1406 2355 υ
1433 2321 1644 2370 Chronique
1662 2319 1710 2356 de
1729 2321 1867 2369 Berty,
1887 2315 1983 2356 dans

571 2382 787 2433 Godefroy,
821 2396 860 2434 p.
896 2384 988 2420 430.

624 2444 663 2480 2.
694 2444 748 2480 Le
767 2441 826 2479 roi
846 2454 894 2479 ne
912 2440 1103 2480 conduisit
1120 2454 1189 2494 pas
1211 2441 1248 2479 le
1266 2441 1369 2492 siege
1391 2453 1440 2478 en
1465 2451 1677 2491 personne,
1699 2435 1840 2476 maisit
1863 2436 1899 2476 le
1920 2434 1983 2476 di-

571 2493 676 2553 ri'gea
704 2501 751 2540 de
771 2500 986 2550 Lavardin,
1019 2502 1071 2539 οὺ
1089 2500 1115 2538 il
1138 2513 1178 2539 se
1201 2499 1318 2539 tenait
1335 2499 1506 2552 pendant
1523 2499 1579 2538 les
1601 2496 1834 2551 operations.
1867 2495 1982 2536 Clam·

573 2566 690 2611 nique
709 2562 756 2598 de
779 2564 914 2610 Berty,
935 2559 1029 2598 dans
1044 2559 1255 2611 Godesroy,
1274 2573 1314 2611 p.
1336 2560 1428 2597 430.

629 2622 666 2660 3.
699 2624 761 2659 Au
779 2627 1106 2660 commencement
1124 2619 1172 2659 de
1189 2618 1475 2659 l’annee1448.
