2086 3528
522 357 597 396 178
901 352 1452 391 HISTORIARUMAEAROLI
1481 353 1553 390 VII

519 440 619 487 non
646 437 841 502 quidem
871 435 933 483 ad
960 436 1199 500 supplicia·
1218 435 1449 499 legitime,
1481 434 1746 483 secundum
1773 434 1934 500 legt'n'n

521 515 756 574 instituta,
783 511 1059 573 subeunda,
1085 512 1170 559 sed
1197 525 1287 576 pro
1309 513 1414 560 solo
1451 521 1594 572 nutu,
1624 513 1755 559 velut
1788 514 1934 578 pecus

521 591 799 650 occisionis,
837 606 926 654 pro
957 589 1323 641 insolentissima
1350 591 1626 655 iniquorum
1657 589 1931 651 voluntate,

521 667 885 727 trucidandum,
912 666 986 714 vel
1017 667 1170 731 patria
1187 703 1199 725 ‚
1225 666 1552 729 boniS,·statu
1585 677 1726 733 atque
1748 667 1936 716 honore

519 744 809 811 privandum
831 754 878 791 et
894 743 1237 809 spoliandum?
1264 747 1434 792 Amant
1458 746 1586 793 enim
1609 762 1777 793 omnes
1799 754 1937 794 natu-

519 824 678 871 raliter
702 822 997 882 libertatem,
1024 822 1283 885 innataque
1312 831 1382 869 est
1406 824 1579 870 nostris
1602 824 1771 871 animis
1794 831 1937 889 appe-

521 900 624 947 titio
648 899 749 962 ejus
770 919 782 947 :
807 900 874 946 ita
896 909 965 959 ut,
993 899 1224 945 Cicerone
1241 907 1374 959 teste,
1402 917 1427 944 α
1452 901 1632 947 nemini
1649 915 1817 965 parere
1837 899 1938 947 a‘ni-

522 992 630 1023 mus
653 976 776 1024 bene
803 977 1085 1023 informatus
1113 992 1143 1023 a
1170 985 1342 1023 natura
1364 976 1505 1036 velit,
1534 977 1625 1024 nisi
1646 977 1938 1042 praecipienti

519 1063 601 1099 aut
621 1053 831 1111 docenti,
859 1063 940 1100 aut
961 1052 1171 1099 utilitatis
1189 1067 1331 1099 causa
1344 1052 1472 1116 juste
1494 1062 1542 1100 et
1557 1053 1766 1116 legitime
1784 1054 1938 1119 impe·

520 1130 660 1176 ranti.
691 1151 714 1173 n
741 1130 950 1177 Nimium
973 1131 1150 1195 quippe
1175 1130 1385 1176 tumidus
1407 1138 1476 1176 est
1499 1145 1554 1177 ac
1577 1130 1833 1195 superbus,
1855 1131 1937 1195 qui

515 1207 640 1269 juste
663 1222 718 1253 ac
741 1207 948 1270 legitime
970 1206 1183 1253 utilitatis
1206 1221 1348 1254 causa
1371 1207 1626 1271 imperanti
1657 1206 1826 1271 subjici
1857 1223 1939 1255 re-

520 1295 668 1345 cusat,
685 1301 797 1331 cum
817 1286 912 1344 tali,
935 1295 982 1333 et
1003 1285 1175 1332 divinis
1198 1294 1245 1332 et
1265 1285 1488 1332 humanis
1509 1284 1707 1349 legibus,
1727 1300 1784 1333 ac
1802 1292 1940 1333 rectae

521 1362 766 1408 dictamini
796 1362 994 1409 rationis
1023 1361 1258 1425 subjectio
1281 1372 1328 1409 et
1354 1361 1632 1410 obedientia
1653 1360 1936 1410 debeantur.

522 1442 581 1485 Et
601 1455 734 1498 vero,
758 1440 837 1486 cui
859 1455 960 1486 non
983 1439 1185 1503 publicae
1207 1439 1422 1489 utilitatis
1441 1451 1598 1499 causa,
1625 1439 1710 1486 sed
1733 1438 1796 1486 ad
1817 1438 1942 1487 solas

521 1515 779 1581 explendas
822 1516 1046 1564 libidines
1075 1517 1511 1580 exsaturandasque
1550 1515 1864 1564 ambitionem
1895 1524 1943 1564 et

519 1595 784 1656 avaritiam,
801 1610 969 1642 omnes
988 1595 1038 1642 in
1052 1596 1329 1642 servitutem
1341 1595 1574 1659 redigere,
1587 1596 1634 1643 vi
1650 1605 1793 1660 atque
1810 1604 1942 1643 metu

522 1672 753 1719 serviliter
783 1672 1079 1738 opprimere,
1111 1672 1399 1719 substantias
1437 1688 1630 1737 rapere,
1672 1673 1824 1738 patria
1861 1688 1942 1720 ex·

522 1758 674 1796 sortes
713 1750 888 1808 facere,
920 1765 1010 1813 pro
1039 1749 1143 1796 solo
1176 1758 1331 1810 metu,
1368 1749 1548 1814 absque
1578 1749 1739 1812 legum
1773 1749 1943 1798 ordine

524 1827 684 1890 gestit,
708 1843 852 1874 nemo
875 1826 1098 1874 lubenter
1119 1841 1174 1874 ac
1200 1826 1490 1890 gratulanter
1511 1825 1726 1891 parebit,
1750 1826 1842 1873 nisi
1860 1826 1944 1890 qui

524 1904 938 1968 insipientissimus
961 1913 1031 1950 est
1049 1913 1096 1950 et
1120 1913 1218 1950 tam
1242 1904 1453 1969 depressi
1475 1903 1751 1968 servilisque
1773 1903 1939 1963 animi,

526 1989 580 2026 ut
602 1980 718 2026 nihil
751 1996 780 2027 a
807 1981 1035 2027 vilissimo
1062 1980 1204 2028 distet
1233 1982 1493 2047 mancipio,
1526 1980 1752 2028 Praeclare'
1781 1981 1942 2045 itaque

526 2057 692 2103 Cicero
715 2058 870 2121 inquit
902 2058 1014 2121 quia
1042 2079 1064 2102 α
1092 2058 1245 2105 malus
1268 2068 1338 2105 est
1357 2079 1380 2102 »
1413 2059 1463 2104 in
1495 2057 1707 2122 imperiis
1733 2075 1758 2102 α
1783 2066 1943 2105 custos

527 2135 848 2182 diuturnitatis
886 2146 1040 2182 metus
1060 2171 1071 2195 ,
1110 2145 1376 2200 contraque
1416 2134 1753 2182 benevolentia
1788 2134 1942 2182 fidelis

529 2210 643 2276 [vel]
658 2211 720 2258 ad
739 2213 1103 2277 perpetuitatem
1123 2231 1171 2272 »3
1190 2229 1312 2277 quae,
1330 2213 1497 2278 procul
1514 2211 1682 2272 dubi0‚
1699 2210 1831 2259 nulla
1851 2229 1941 2260 no·

527 2288 602 2335 bis
624 2289 686 2336 ad
710 2306 792 2336 eos
815 2306 917 2337 esse
941 2299 1125 2354 potest,
1149 2291 1232 2353 qui
1254 2306 1344 2337 nos
1367 2290 1442 2351 vi,
1470 2299 1601 2337 metu
1624 2300 1671 2336 et
1690 2288 1942 2338 calumniis
1972 2315 1980 2321 -

528 2366 880 2431 opprimentes,
903 2384 1099 2414 omnem
1122 2367 1265 2414 nobis
1286 2367 1504 2415 adimunt
1525 2366 1815 2430 libertatem,
1838 2383 1943 2434 quae

528 2443 668 2492 nobis
690 2461 790 2491 non
815 2445 973 2492 minus
997 2445 1159 2505 chara,
1184 2445 1223 2492 si
1247 2446 1337 2492 viri
1365 2445 1510 2506 boni,
1537 2446 1577 2492 si
1601 2446 1837 2511 sapientes
1861 2463 1939 2495 su-

528 2538 651 2581 mus,
677 2537 824 2586 quam
846 2522 948 2586 ipsa
971 2522 1066 2569 vita
1089 2521 1233 2569 debet
1255 2522 1492 2570 exsistere.
1516 2524 1615 2570 Etsi
1637 2523 1765 2571 enim
1780 2522 1942 2572 divina

530 2599 670 2646 nobis
694 2599 895 2664 imperet
923 2599 1179 2646 auctoritas
1212 2608 1262 2645 ut
1284 2599 1605 2664 principibus,
1630 2616 1731 2647 non
1753 2609 1940 2648 tantum

528 2676 667 2723 bonis
691 2692 744 2722 ac
770 2675 1027 2736 modestis,
1056 2675 1139 2722 sed
1166 2676 1308 2723 etiam
1339 2676 1546 2741 dyscolis
1581 2675 1758 2725 subditi
1794 2678 1940 2726 simus

527 2769 609 2799 seu
634 2751 850 2816 subjecti,
880 2768 980 2799 non
1003 2761 1163 2800 tamen
1189 2762 1241 2799 ut
1262 2753 1401 2813 servi,
1421 2770 1533 2800 cum
1553 2753 1804 2820 Apostolus
1819 2751 1958 2820 praew¹
2002 2742 2007 2747 ’

528 2829 670 2892 cipiat
693 2847 702 2876 ε
733 2848 756 2874 «
785 2828 940 2876 Nolite
965 2828 1088 2877 effici
1109 2830 1232 2876 servi
1249 2829 1527 2891 hominum,
1548 2849 1572 2876 »
1597 2840 1644 2878 et
1662 2831 1802 2893 item,
1825 2838 1936 2891 cuin
