2086 3528
691 371 836 408 LIBER
863 371 1132 410 SECUNDUS.
1545 375 1617 412 2¹1

665 541 1011 588 CAPITULUM
1045 544 1188 589 XVII.

376 661 568 706 Quomodo
589 661 710 699 civitas
726 663 921 699 Lexovium
936 678 1008 700 sese
1024 665 1245 700 Francorum
1260 666 1335 713 regi
1353 665 1465 704 dedit.

282 766 391 822 Quo
433 781 592 812 rerum
640 766 837 817 ulterius,
877 766 1194 831 gerendarum
1235 767 1381 815 veluti
1415 770 1630 835 auspicio

216 844 428 906 quodam
462 845 585 893 felici
613 846 816 912 amplius
849 847 1065 909 animati,
1091 857 1139 894 et
1170 846 1233 894 ad
1267 847 1399 895 lucra
1429 849 1634 912 praedas-

216 938 310 987 que
333 922 580 972 uberiores
596 923 748 972 allecti
771 925 913 989 (nam
934 925 1117 973 dictum
1137 924 1374 990 oppidum
1393 924 1638 975 totum'eis

217 1000 268 1049 in
292 1000 504 1066 praedam
528 1001 781 1066 cesserat),
813 1002 1070 1050 consilium
1091 1012 1378 1068 acceperunt
1399 1004 1639 1052 civitatem

217 1080 477 1128 LexoVIum
500 1080 648 1140 adire,
671 1079 732 1128 ab
749 1080 948 1144 hujusce
971 1080 1394 1129 Pontis-Odomari
1419 1079 1640 1147 [oppido]

219 1168 400 1223 septem
414 1158 659 1206 dumtaxat
673 1158 820 1206 leucis
831 1159 989 1224 parvis
1002 1169 1253 1207 remotam.
1274 1158 1498 1207 Sciebant
1513 1160 1644 1207 enim

220 1236 460 1284 civitatem
478 1236 632 1301 ipsam
650 1252 738 1283 nec
754 1235 897 1295 vallo,
920 1252 1010 1284 nec
1028 1235 1285 1295 moenibus,
1305 1252 1394 1283 nec
1414 1235 1640 1294 turribus,

220 1313 312 1360 nisi
333 1313 531 1372 exiliter,
558 1314 795 1361 munitam
809 1351 821 1375 ,
841 1329 930 1360 nec
948 1313 1210 1377 Anglorum
1231 1311 1452 1378 praesidia
1467 1311 1646 1360 habere

221 1390 419 1456 alicujus
453 1391 791 1439 aestimationis.
836 1394 948 1439 Erat
985 1400 1089 1438 tum
1121 1390 1339 1455 ejusdem
1373 1390 1574 1437 civitatis
1601 1398 1649 1436 et

222 1467 436 1518 dioecesis
458 1470 689 1535 pontifex,
716 1469 947 1528 Thomas,
976 1485 1034 1516 ex
1056 1468 1250 1516 dioecesi
1272 1467 1650 1531 Rothomagensi

223 1548 458 1597 oriundus
474 1585 486 1608 ,
503 1548 575 1595 vir
591 1548 643 1596 in
665 1547 840 1596 divinis
860 1556 907 1595 et
924 1546 1149 1601 humanis
1162 1546 1330 1594 litteris
1347 1562 1448 1593 non
1465 1545 1649 1592 medio·

158 1658 161 1661 -
224 1626 365 1675 criter
385 1626 625 1674 institutus
642 1663 654 1687 ,
681 1625 786 1686 sed,
819 1624 954 1690 quod
976 1634 1047 1672 est
1067 1624 1392 1690 praestantius,
1418 1623 1619 1671 consilio
1635 1661 1647 1685 ,

225 1703 478 1771 prudentia
509 1713 557 1751 et
583 1703 633 1750 in
662 1705 819 1752 Deum
841 1719 896 1751 ac
918 1702 1193 1769 proximum
1215 1702 1401 1750 sincera
1422 1701 1652 1749 charitate

226 1781 338 1830 satis
359 1781 646 1847 conspicuus
665 1818 677 1841 ‚
705 1790 849 1845 atque
872 1797 998 1829 unus
1022 1781 1147 1828 inter
1171 1789 1367 1828 caeteros
1389 1778 1653 1827 Galliarum

227 1861 480 1927 episcopos
517 1859 644 1907 illius
682 1861 915 1926 temporis
950 1858 1156 1906 multum
1190 1858 1420 1906 famosus.
1460 1860 1505 1905 Is
1541 1874 1654 1905 cum

227 1938 491 2005 prudenter
524 1948 667 2004 atque
700 1938 937 2004 sapienter
967 1936 1368 1986 animadverteret
1404 1935 1568 2002 quales
1592 1936 1655 1984 ad

228 2016 588 2066 defendendum
622 2016 746 2063 vires
779 2025 948 2063 contra
978 2024 1158 2063 tantam
1187 2014 1439 2074 militiam,
1477 2023 1656 2079 quanta

230 2105 394 2144 contra
424 2111 561 2144 suam
592 2093 816 2161 veniebat
841 2094 1104 2156 civitatem,
1140 2093 1267 2141 cives
1291 2093 1365 2140 sui
1393 2108 1504 2140 cum
1536 2109 1655 2158 prae-

230 2173 352 2222 sidio
375 2174 562 2222 circiter
582 2183 775 2221 centum
791 2173 1081 2237 Anglorum,
1107 2171 1193 2237 qui
1214 2170 1310 2219 illic
1331 2187 1422 2237 pro
1441 2170 1658 2219 custodia

233 2251 456 2313 aderant,
482 2251 663 2300 habere
683 2260 906 2317 possent;
945 2250 1146 2299 metiens
1170 2249 1314 2297 etiam
1348 2258 1494 2314 atque
1525 2265 1657 2313 pon-

233 2329 407 2378 derans
425 2346 562 2395 aequo
582 2329 835 2377 libramine
854 2328 1054 2377 civitatis
1076 2345 1173 2376 suae
1193 2327 1405 2393 pericula
1427 2343 1484 2374 ex
1507 2325 1656 2372 infor·

235 2408 372 2456 tunic
389 2418 436 2456 et
454 2409 745 2467 calamitate,
768 2424 874 2472 quae
890 2407 1059 2455 vicinis
1081 2407 1177 2455 suis
1198 2422 1389 2471 suaeque
1406 2403 1659 2470 pastoralis

236 2503 361 2534 curae
392 2485 584 2534 creditis
616 2496 663 2534 et
695 2485 900 2534 subditis
922 2485 973 2532 in
999 2483 1407 2533 Ponte-Odomari
1429 2481 1660 2548 proximis

237 2563 406 2613 diebus
441 2564 762 2629 contigerant,
807 2563 893 2611 ubi
925 2563 1114 2611 fuerant
1146 2579 1319 2627 magna
1349 2560 1529 2609 militiae
1569 2561 1660 2605 An-

239 2641 432 2707 glicanae
459 2641 702 2708 praesidia3
733 2641 902 2690 volens
935 2642 1114 2689 civium
1142 2641 1460 2704 omniumque
1489 2638 1539 2684 in
1577 2652 1673 2683 sua-

241 2720 569 2768 exsistentium
614 2718 807 2766 dioecesi
846 2718 986 2766 saluti
1035 2719 1286 2766 consulere
1308 2755 1319 2776 ‚
1369 2713 1570 2782 provide
1619 2721 1666 2759 et

242 2801 588 2849 consultissime
627 2800 788 2847 statuit
834 2799 1196 2846 imminentibus
1239 2809 1380 2862 atque
1423 2794 1683 2861 praesenti*

242 2880 331 2927 bus
356 2879 499 2927 tantis
523 2878 716 2926 obviare
742 2877 979 2943 periculis.
1007 2881 1064 2924 Et
1087 2877 1146 2924 de
1176 2877 1271 2924 hoc
1301 2875 1498 2941 quidem
1532 2889 1685 2938 roga-n
