2086 3528
734 358 880 394 LIBER
907 358 1137 405 QulNTus.
1569 363 1648 400 259

225 450 346 483 surae
383 436 668 501 addicantur
703 439 885 486 miserae
923 441 1178 502 'servituti3
1218 458 1324 506 quae
1357 458 1458 489 non
1491 443 1652 491 minus

226 513 379 577 gravis
399 523 542 579 atque
560 515 762 564 molesta
784 534 932 581 quam
961 519 1226 583 periculum
1257 519 1390 584 quod
1414 518 1476 567 ab
1498 519 1650 567 hosti-

225 589 315 638 bus
337 592 580 640 incurrere
614 605 836 658 possent,
865 596 964 643 imo
996 596 1186 660 gravior
1212 607 1340 645 certe
1370 607 1513 662 atque
1537 614 1651 645 mo-

226 667 393 716 lestior,
413 687 514 717 esse
537 671 856 719 verisimiliter
881 674 1033 738 possit
1059 691 1070 720 ε
1101 674 1232 722 unde
1262 674 1440 722 talibus
1461 674 1552 722 sibi
1575 693 1650 723 re-

227 746 397 794 mediis
417 748 613 795 minime
638 765 761 814 opus
773 766 875 797 esse
889 788 901 810 ,
919 751 1174 817 quaeipsis,
1194 769 1300 816 quae
1313 752 1651 811 formidantur,

227 826 450 892 periculis
472 827 709 876 deteriora
733 839 917 890 essent,
941 839 988 877 et
1009 829 1176 877 durius
1198 847 1281 878 eos
1304 831 1649 897 opprimerent.

292 903 484 952 Talibus
502 922 551 952 se
578 906 951 970 Burdegalenses
975 917 1022 954 et
1035 910 1308 955 Vasconum
1326 908 1467 972 legati
1485 909 1656 972 allega-

229 980 441 1029 tionibus
465 982 595 1047 apud
615 1000 773 1046 regem
792 987 1085 1031 Francorum
1100 1022 1112 1046 ‚
1132 1001 1222 1049 pro
1237 985 1457 1050 pollicitis
1476 985 1654 1033 eisdem

229 1060 628 1118 immunitatibus,
653 1062 1034 1109 constantissime
1049 1062 1392 1124 defendebant,
1419 1063 1657 1128 supplices

229 1155 419 1204 semper
454 1139 502 1186 in
539 1157 707 1186 eorum
743 1140 963 1205 primitus
996 1141 1168 1188 factam
1190 1141 1562 1206 postulationem
1586 1160 1659 1190 re·

229 1228 500 1276 currentes,
530 1227 765 1282 quatenus
787 1217 925 1281 regiae
948 1218 1180 1282 majestati
1206 1218 1439 1283 placeret,
1466 1236 1573 1284 quae
1593 1220 1660 1267 eis

231 1295 540 1359 promiserat,
558 1294 761 1342 fideliter
782 1295 934 1342 facere
952 1295 1219 1356 observari,
1246 1297 1658 1361 quemadmodum

232 1381 280 1419 et
300 1372 390 1437 ipsi
422 1371 701 1419 fidelitatem
730 1372 820 1419 sibi
845 1373 1055 1436 juratam
1084 1373 1422 1422 inviolabiliter
1453 1384 1500 1422 et
1537 1376 1659 1422 inte·

232 1460 412 1498 merate
436 1467 623 1498 servare
643 1450 839 1498 vellent.
865 1451 959 1498 Sed
979 1451 1054 1498 his
1079 1468 1178 1498 non
1215 1452 1540 1510 obstantibus,
1575 1469 1662 1518 per

232 1538 478 1577 exactores
506 1529 819 1594 pecuniarum
840 1565 852 1589 ,
887 1530 1162 1594 capitaneos
1186 1546 1241 1577 ac
1275 1530 1422 1577 duces
1455 1530 1661 1577 militum

234 1624 488 1672 persuasus
502 1625 585 1655 rex
597 1646 609 1669 ‚
626 1625 795 1655 eorum
809 1625 974 1673 preces
989 1609 1187 1656 minime
1203 1610 1431 1657 exaudire
1446 1610 1630 1657 curavit
1646 1628 1658 1668 3

233 1685 319 1733 sed
359 1686 419 1732 ad
455 1686 761 1733 tolerandum
781 1722 792 1745 ,
837 1703 926 1751 pro
968 1687 1187 1734 custodia
1221 1688 1405 1752 patriae,
1447 1688 1662 1734 militiam

235 1763 378 1811 simul
414 1780 526 1811 cum
555 1763 745 1811 tributis
779 1774 825 1811 et
859 1764 1188 1812 exactionibus
1223 1781 1306 1812 eos
1340 1765 1661 1830 adjudicavit,

226 1841 485 1905 taliterque
500 1841 748 1907 expeditos
772 1842 834 1889 ad
857 1843 1054 1908 propria
1074 1843 1272 1890 remisit.

731 2011 1078 2056 CAPITULUM
1112 2011 1169 2055 V.

261 2137 314 2172 Ex
338 2137 569 2184 responsione
586 2138 678 2172 facta
693 2136 816 2184 legatis
830 2138 1038 2171 Vasconum
1052 2163 1062 2180 ,
1079 2149 1155 2171 non
1178 2138 1291 2172 multo
1308 2145 1389 2185 post
1404 2137 1472 2184 ipsi
1490 2138 1647 2188 Aiiglicis

835 2209 870 2231 se
886 2195 1075 2231 dederunt.

308 2315 435 2363 Cum·
451 2321 611 2358 autem
644 2311 734 2376 ipsi
760 2327 816 2357 ex
848 2309 967 2357 urbe
992 2310 1199 2356 Biturica
1223 2310 1272 2356 in
1304 2325 1399 2374 qua
1432 2309 1666 2375 expediti,

245 2399 298 2436 ut
322 2389 555 2449 diximus,
590 2388 801 2447 fuerant,
840 2388 888 2434 in
918 2386 1120 2452 patriam
1153 2386 1215 2433 ad
1237 2403 1350 2433 suos
1371 2385 1671 2434 contribulos

244 2469 570 2525 revertissent,
603 2476 745 2530 atque
773 2482 830 2513 ea
854 2481 960 2529 quae
987 2481 1074 2530 per
1103 2481 1185 2511 eos
1220 2473 1349 2527 gesta
1381 2465 1571 2510 fuerant
1601 2479 1673 2510 re·

245 2545 462 2592 tulissent
498 2553 545 2590 et
582 2544 784 2608 qualiter
822 2544 870 2589 in
895 2543 1002 2589 'suis
1039 2541 1442 2608 postulationibus
1474 2541 1672 2587 minime

246 2623 442 2670 fuissent
471 2621 705 2681 exauditi,
740 2621 863 2668 miro
895 2621 1043 2668 modo
1078 2637 1247 2667 omnes
1283 2620 1450 2666 incolae
1481 2619 1671 2665 illarum

248 2711 482 2747 terrarum
519 2699 848 2763 hujuscemodi
886 2699 1047 2746 datam
1089 2715 1184 2745 suae
1223 2697 1557 2762 supplicationi
1598 2714 1672 2743 re-

250 2780 437 2844 pulsam
472 2794 592 2841 aegre
629 2777 863 2837 tulerunt,
902 2777 1226 2840 conjectantes
1259 2793 1313 2822 ex
1355 2775 1447 2820 hoc
1482 2791 1532 2820 se
1574 2790 1671 2820 non

251 2856 466 2904 dissimili
493 2865 634 2918 atque
661 2854 837 2919 dispari
862 2854 1054 2901 tandem
1080 2854 1238 2901 addici
1260 2852 1496 2912 servituti,
1529 2867 1677 2915 quam
