2086 3528
509 394 558 430 56
885 388 1225 427 HISTORIARUM
1253 389 1434 427 CAROLI
1462 390 1533 426 VII

510 484 556 521 et
572 475 620 521 in
635 474 898 520 vastitatem
917 489 972 520 ac
987 472 1306 519 desertionem
1320 473 1613 538 provinciam
1627 472 1907 538 redigentes.

511 556 568 599 Et
588 553 683 600 hoc
702 551 850 599 modo
873 551 1069 616 quidem
1093 567 1180 616 per
1201 567 1353 599 annos
1375 551 1558 616 aliquos
1586 561 1826 617 protracta
1843 559 1914 599 est

511 646 694 694 guerra.

988 775 1327 821 CAPITULUM
1360 776 1438 821 VI.

724 897 775 930 De
790 894 917 943 praedis
933 903 966 930 et
981 895 1113 943 rapinis
1132 894 1374 930 miserabiliter
1387 895 1470 931 actis
1484 908 1547 944 per
1562 895 1706 932 Gallias.

581 1010 669 1054 Per
691 1007 935 1071 utriusque
953 1007 1083 1052 enim
1102 1006 1246 1070 partis
1270 1015 1500 1067 armatos,
1532 1007 1615 1071 qui
1642 1006 1828 1055 assidue
1844 1007 1923 1055 alii

514 1086 564 1133 in
587 1085 789 1132 aliorum
811 1085 1041 1132 terminos
1058 1083 1380 1143 incursabant,
1403 1085 1576 1150 captivi
1597 1086 1755 1133 rustici
1769 1085 1831 1134 ad
1852 1101 1925 1133 ca·

516 1174 611 1211 stra
628 1173 675 1209 et
697 1162 989 1209 munitiones
1013 1161 1324 1220 ducebantur,
1346 1171 1399 1209 ut
1421 1163 1551 1209 tetris
1569 1162 1713 1210 clausi
1731 1163 1926 1210 carceri-

516 1241 608 1288 bus
630 1249 675 1287 et
699 1240 747 1286 in
771 1238 1006 1305 specubus
1022 1239 1210 1300 retrusi,
1230 1248 1370 1303 atque
1393 1239 1534 1286 etiam
1554 1239 1694 1287 variis
1711 1240 1927 1287 cruciati-

517 1317 608 1365 bus
622 1327 668 1364 et
680 1317 928 1363 tormentis
942 1316 1113 1377 affecti,
1125 1332 1224 1363 sese
1237 1325 1413 1380 quanta
1425 1317 1734 1382 pecuniarum
1744 1333 1930 1365 summa

519 1394 580 1442 ab
608 1395 674 1441 eis
696 1394 925 1457 consequi
947 1393 1227 1459 sperabatur
1248 1392 1552 1440 redimerent.
1578 1397 1688 1440 Erat
1709 1393 1758 1440 in
1783 1394 1931 1442 foveis

521 1481 568 1519 et
595 1470 831 1537 specubus
862 1481 1128 1518 castrorum
1158 1480 1205 1517 et
1221 1471 1433 1517 ‘turrium
1466 1471 1678 1518 invenire
1700 1487 1932 1537 pauperes

523 1550 724 1598 colonos
757 1567 815 1597 ex
848 1550 970 1613 agris
1004 1549 1261 1610 abductos,
1302 1548 1542 1596 interdum
1575 1549 1625 1595 in
1665 1565 1762 1597 una
1797 1549 1934 1596 fovea

523 1637 735 1686 centum,
759 1627 1095 1691 interdumque
1115 1626 1365 1687 ducentos,
1394 1636 1440 1674 et
1459 1626 1569 1674 alibi
1593 1626 1788 1691 quidem
1807 1627 1930 1692 plus,

527 1705 637 1753 alibi
653 1705 828 1765 minus,
848 1704 1114 1751 secundum
1131 1703 1263 1769 quod
1280 1704 1355 1751 vel
1373 1704 1524 1767 major
1544 1703 1618 1751 vel
1644 1704 1802 1750 minor
1822 1719 1938 1769 prae·

529 1783 714 1830 donum
745 1799 972 1830 numerus
999 1781 1092 1828 illic
1135 1781 1320 1839 aderat3
1356 1798 1561 1846 quorum
1589 1780 1782 1846 quidem
1815 1796 1938 1846 saepe

531 1877 730 1924 magnus
761 1876 1011 1921 numerus,
1053 1875 1220 1906 eorum
1246 1859 1419 1924 quibus
1449 1858 1676 1924 possibile
1706 1874 1806 1906 non
1839 1867 1939 1906 erat

532 1939 700 2004 petitas
716 1937 776 1984 ab
792 1938 858 1985 eis
881 1954 1089 1985 summas
1106 1947 1248 2001 atque
1269 1938 1516 2002 requisitas
1533 1937 1816 2002 persolvere,
1837 1934 1942 1982 nul·

534 2016 626 2062 lam
662 2015 710 2061 in
756 2032 838 2062 eos
873 2014 1245 2062 misericordiam
1285 2014 1589 2080 praedonibus
1622 2012 1937 2071 habentibus,

536 2094 682 2151 fame,
718 2092 877 2139 inedia
897 2102 943 2139 et
965 2092 1164 2138 carceris
1187 2091 1406 2156 squalore
1428 2089 1735 2138 necabantur.
1761 2093 1814 2136 In
1838 2106 1944 2137 cru-

536 2168 733 2216 ciatibus
764 2185 878 2215 vero
927 2178 973 2215 et
1012 2168 1291 2228 tormentis,
1339 2168 1429 2215 sihi
1466 2166 1527 2214 ad
1563 2166 1944 2230 extorquendum

539 2262 747 2293 summas
771 2246 1069 2311 poposcitas‚
1093 2244 1264 2309 quibus
1291 2261 1340 2291 se
1376 2243 1689 2303 redimerent,
1720 2244 1945 2292 adhibitis

539 2341 661 2389 saepe
688 2323 988 2370 deficiebant.
1014 2326 1160 2369 Tanta
1191 2322 1344 2369 rabies
1369 2322 1570 2369 avaritiae
1593 2331 1638 2368 et
1659 2321 1946 2369 crudelitatis

542 2402 710 2449 animis
750 2400 1030 2465 praedonum
1057 2399 1319 2460 insederat,
1346 2409 1398 2447 ut
1425 2399 1555 2446 nulla
1580 2415 1775 2464 prorsus
1802 2400 1947 2447 mise-

542 2478 796 2526 rationein
830 2494 1063 2543 pauperes
1101 2494 1156 2524 ac
1185 2476 1421 2542 supplices
1456 2486 1786 2537 moverentur;
1833 2477 1948 2541 quin

543 2557 668 2614 imo,
712 2556 857 2602 instar
896 2555 1256 2602 saevissimarum
1288 2554 1562 2613 bestiarum,
1592 2555 1640 2601 in
1670 2555 1948 2602 innocentes

545 2650 599 2680 ac
634 2633 867 2698 supplices
888 2648 1110 2696 agrorum
1145 2631 1349 2679 cultores
1372 2632 1531 2679 saevire
1560 2631 1821 2680 delectabat
1848 2630 1950 2698 ple-

544 2727 720 2775 rosque
745 2727 799 2758 ex
823 2710 935 2776 ipsis
957 2709 1279 2775 praedonibus.

612 2791 783 2836 Praeter
810 2805 925 2836 vero
957 2805 1065 2849 θος,
1095 2788 1175 2852 qui
1205 2804 1294 2853 pro
1329 2791 1618 2835 Francorum
1653 2786 1866 2853 partibus
1900 2802 1950 2834 se

547 2869 748 2917 militare
778 2868 1023 2929 dicebant,
1051 2878 1123 2928 et,
1147 2868 1256 2915 licet
1280 2868 1558 2935 plerumque
1581 2867 1760 2931 absque
1782 2865 1950 2915 ordine

2001 46 2019 67 ’4,

2029 0 2086 240 ,

2062 270 2067 293 ἶ

2059 308 2078 325 ..¹¹
