2086 3528
749 329 895 366 Lmen
923 328 1149 376 QUIN'ms.
1582 331 1654 368 251

251 417 307 462 Et
339 414 569 479 quoniam
604 429 690 478 per
726 410 867 474 longa
907 421 1033 458 retro
1067 413 1234 460 saecula
1271 411 1362 460 sub
1398 411 1658 476 Anglorum

244 501 476 558 potestate
503 501 627 538 terra
656 489 735 537 illa
762 506 790 536 a
810 488 948 536 talliis
972 498 1019 536 et
1040 489 1272 550 collectis,
1305 488 1502 552 gabellis
1523 488 1656 550 salis,

245 569 516 633 caeterisque
544 567 774 632 impositis
804 576 851 613 et
885 566 1217 630 vectigalibus,
1253 566 1428 631 quibus
1461 583 1659 630 regnum

230 649 535 707 ,Francorum
564 645 737 691 mirum
761 643 809 690 in
833 642 1033 689 modum
1064 644 1352 706 angariatur,
1380 642 1529 690 libera
1550 659 1659 707 per-

245 723 426 771 stiterat
438 731 493 770 ,et
514 721 741 768 immunis
752 738 775 778 ,¹
786 729 837 766 ut
854 720 997 768 etiam
1014 720 1154 767 simili
1172 719 1385 767 libertate
1407 718 1496 766 sub
1514 710 1660 767 Fran-

245 799 413 848 corum
447 798 648 864 imperio
691 797 943 863 potiretur,
981 797 1155 845 accolis
1189 796 1313 844 illius
1344 796 1508 862 patriae
1543 812 1660 843 con-

245 877 429 924 cessum
453 885 502 922 et
521 874 807 940 promissum
823 872 924 920 fuit.
946 875 1053 931 Qua
1066 872 1294 920 libertatis
1316 871 1661 938 pollicitatione

243 952 460 1019 pellecti,
491 952 645 1000 caeteri
666 950 819 1009 facile,
853 961 904 998 ut
926 951 1237 1010 Baionenses,
1265 960 1312 998 et
1333 951 1372 998 si
1388 951 1474 1015 qui
1502 950 1661 998 adhuc

235 1030 463 1090 ¹nondum
495 1029 787 1077 deditionem
813 1027 1042 1088 fecerant,
1071 1026 1435 1093 Burdegalenses
1458 1027 1660 1075 insecuti

245 1107 437 1156 fuerunt
458 1109 500 1165 ¹;
541 1108 604 1154 ita
631 1105 764 1170 quod
780 1141 792 1165 ,
821 1105 984 1171 paucis
1017 1104 1261 1153 mensibus
1294 1103 1528 1164 decursis,
1560 1114 1659 1152 tota

243 1185 324 1234 illa
344 1185 604 1250 Aquitaniae
625 1184 785 1250 plaga,
805 1200 911 1248 quae
928 1182 1111 1231 tamdiu
1132 1183 1220 1231 sub
1243 1182 1503 1247 Anglorum
1523 1199 1658 1229 man-

245 1271 368 1311 serat
408 1272 636 1328 potestate
653 1299 666 1321 ,
705 1278 732 1310 a
764 1278 875 1325 rege
910 1264 1201 1309 Francorum
1237 1270 1427 1326 recepta
1465 1270 1536 1308 est
1573 1277 1660 1326 per

246 1356 419 1388 manus
454 1340 579 1388 illius
619 1340 812 1387 illustris
859 1339 1047 1387 comitis
1086 1339 1322 1389 Dunensis
1367 1347 1414 1385 et
1454 1338 1658 1386 aliorum

244 1404 424 1466 dueum
447 1416 536 1464 sibi
560 1417 914 1481 adjunctorum.

736 1589 1075 1636 CAPITULUM
1110 1589 1167 1635 11.

293 1715 344 1749 De
364 1714 525 1750 civilibus
539 1714 816 1750 dissensionibus
832 1723 867 1749 et
882 1714 994 1749 turbis
1010 1713 1047 1748 in
1064 1713 1190 1760 Anglia
1205 1713 1347 1758 habitis,
1364 1721 1548 1760 postquam
1569 1711 1613 1747 de

659 1774 847 1821 Aquitania
863 1773 967 1820 Angli
983 1773 1077 1820 pulsi
1093 1773 1248 1808 fuerunt.

311 1890 486 1948 Quales
527 1900 685 1938 autern
727 1890 988 1955 quantique
1021 1890 1179 1937 civiles
1222 1899 1269 1937 et
1299 1889 1548 1938 domestici
1586 1900 1661 1937 tu-

248 1967 424 2014 multus
448 1978 588 2032 atque
613 1977 792 2025 motus,
820 1977 1074 2032 postquam
1105 1967 1393 2014 Nor-mannia
1419 1966 1627 2031 primum
1647 2004 1662 2029 ,

247 2045 421 2093 deinde
453 2046 703 2110 Aquitania
731 2045 854 2110 pulsi
882 2046 1096 2106 fuerunt,
1127 2045 1250 2092 inter
1285 2043 1460 2107 Anglos
1487 2045 1535 2090 in
1572 2061 1664 2092 suo

249 2139 396 2187 regno
420 2121 576 2169 oborti
600 2122 723 2181 sint,
754 2138 852 2169 non
885 2121 969 2170 abs
994 2139 1044 2169 re
1078 2122 1215 2169 fuerit
1250 2137 1408 2185 neque
1443 2121 1664 2186 imperti-

249 2216 368 2246 nens
383 2236 396 2259 ,
421 2199 459 2246 si
481 2199 576 2246 hoc
597 2199 707 2247 loco
725 2199 905 2264 aliquid
929 2199 989 2246 de
1011 2198 1154 2246 rebus
1178 2197 1511 2263 hujuscemodi
1532 2207 1664 2245 retu-

250 2276 458 2324 lerimus.
494 2279 600 2324 Non
638 2277 779 2342 longe
815 2276 1026 2342 profecto
1052 2275 1325 2324 habuerunt
1353 2275 1504 2323 exitus
1538 2275 1664 2324 absi-

250 2353 385 2401 miles
408 2354 667 2418 Anglorum
693 2371 766 2402 res
790 2371 845 2402 ea
867 2363 1170 2420 tempestate,
1198 2352 1362 2418 quales
1386 2355 1662 2401 Graecorum

249 2427 461 2478 habuere
497 2429 670 2490 duces,
699 2441 978 2497 postquam,
1003 2431 1142 2495 Troja
1163 2447 1353 2490 eversa,
1384 2429 1446 2477 ad
1469 2430 1665 2496 propria

250 2519 537 2556 remearunt.
569 2511 688 2555 Cum
711 2509 839 2556 enim
861 2509 910 2556 in
938 2509 1150 2574 Angliam
1172 2525 1229 2556 ex
1251 2509 1546 2555 Normannia
1569 2509 1664 2555 dux

249 2585 556 2633 summerseti
572 2622 585 2646 ,
610 2586 721 2634 satis
742 2585 996 2651 inglorius,
1027 2586 1302 2634 transmisso
1326 2584 1445 2631 freto
1465 2601 1553 2650 per
1573 2587 1666 2632 Ca-

251 2663 475 2711 lesiorum
500 2661 634 2725 fines,
669 2674 944 2726 remeasset,
979 2673 1251 2713 excusatam
1287 2661 1444 2711 facere
1469 2662 1665 2710 studens

307 2819 344 2854 1.
375 2819 449 2855 Les
463 2815 641 2866 Francais
658 2817 851 2855 enti-erent
874 2819 895 2855 a
917 2798 1097 2867 Bayonne
1111 2816 1149 2855 le
1167 2817 1218 2854 20
1237 2815 1329 2853 aout
1348 2815 1368 2854 ⁴1
1380 2818 1470 2854 451.
