2086 3528
481 396 558 432 276
867 391 1208 431 HISTORIARUM
1235 395 1416 432 CAROLI
1444 396 1514 431 VII

484 479 601 526 tium
629 493 744 525 vero
775 479 928 523 Gavre
948 477 961 499 ¹
985 474 1270 534 vocabatur3
1298 493 1354 523 ex
1388 476 1563 541 quibus
1593 477 1779 538 castris,
1817 477 1901 542 qui

483 556 549 603 ibi
566 572 654 621 pro
675 553 893 600 custodia
911 568 940 599 a
961 552 1294 600 Gandensibus
1314 554 1500 602 fuerant
1521 555 1767 614 collocati,
1793 556 1901 621 plu-

482 633 603 679 rima
634 631 812 678 damna
850 630 986 677 terris
1030 629 1263 692 finitimis,
1305 633 1590 697 rapinasque
1632 649 1686 680 ac
1718 632 1902 698 praedas

483 711 654 758 multas
683 711 910 758 fecerant.
948 708 1220 756 Adventans
1242 710 1389 774 ‚igitur
1425 712 1644 775 praefa'tus
1679 711 1903 776 princeps

481 806 592 836 cum
611 788 819 835 exercitu
843 786 1051 851 bellique
1075 787 1305 834 machinis
1330 798 1470 852 atque
1499 789 1823 836 instrumentis
1841 787 1912 842 ad,

482 865 885 931 expugnationem
907 862 1097 910 urbium
1115 864 1390 928 arciumque
1410 866 1719 929 opportunis,
1745 866 1903 930 primo

483 945 544 992 ad
574 944 758 991 dictum
787 951 993 989 castrum
1024 941 1085 988 de
1114 945 1356 1007 Poucques
1384 942 1688 991 obsidionem
1717 945 1877 1010 posuit
1889 967 1906 1004 ,>

484 1021 826 1084 machinasque
858 1037 912 1067 ac
945 1019 1172 1084 petrarias
1197 1020 1511 1068 validissimas
1534 1021 1768 1084 admovit;
1798 1023 1906 1087 qui-'

483 1100 572 1146 bus
591 1115 701 1146 cum
719 1135 730 1158 ‚
759 1099 883 1144 intra
904 1097 1217 1162 paucissimos
1241 1097 1364 1158 dies,
1396 1107 1549 1145 turres
1568 1108 1615 1145 et
1631 1116 1906 1164 propugna-

483 1176 589 1224 cula
607 1176 854 1240 dejecisset
868 1212 880 1236 ‚
910 1174 1128 1221 obsessos
1151 1174 1213 1221 ad
1236 1174 1506 1222 faciendum
1528 1176 1825 1224 deditionem
1846 1177 1905 1224 ad

484 1253 699 1318 ejusdem
742 1253 1043 1299 voluntatem
1083 1252 1257 1299 invitos
1294 1252 1465 1316 adegit.
1509 1256 1615 1311 Qua
1656 1254 1723 1301 sic
1757 1254 1907 1315 facta,'

485 1348 655 1378 omnes
682 1330 905 1396 patibulis
935 1329 1130 1377 suffixos
1160 1329 1437 1395 laqueisque
1468 1331 1810 1397 strangulatos,
1840 1333 1910 1379 vi-'

486 1420 584 1457 tam
631 1408 955 1475 impietatibus
999 1408 1159 1455 multis
1204 1409 1491 1456 maculatam
1539 1409 1675 1457 finire
1723 1410 1912 1475 adjudi-

488 1488 614 1535 cavit
637 1497 683 1534 et
705 1488 828 1534 fecit.

553 1566 697 1625 Quod
716 1574 972 1631 postquam
995 1582 1052 1611 eo
1076 1564 1226 1611 modo
1253 1565 1516 1613 factitatum
1543 1576 1687 1628 esset,
1715 1565 1777 1614 ad
1799 1567 1914 1615 alte-

489 1662 596 1691 rum
627 1653 833 1690 castrum
865 1642 925 1688 de
956 1641 1272 1688 Skendelbelse
1296 1645 1309 1667 ²
1332 1643 1544 1690 similiter
1574 1644 1835 1691 exercitum
1868 1653 1915 1691 et

489 1721 602 1768 belli
647 1720 894 1768 machinas
950 1719 1190 1777 admovit;
1240 1737 1339 1784 quo
1378 1721 1646 1767 brevissimi
1685 1721 1915 1786 temporis

493 1815 631 1846 mora
654 1799 798 1845 etiam
824 1798 1070 1862 expedito,
1097 1798 1198 1863 pari
1220 1815 1415 1862 quoque
1439 1799 1695 1864 supplicio,
1721 1799 1805 1863 qui
1828 1797 1914 1866 [in]

497 1877 579 1924 illo
603 1875 889 1941 deprehensi
914 1875 1100 1922 fuerant
1116 1912 1128 1934 ,
1157 1875 1312 1923 affecti
1330 1875 1477 1923 fuere.

561 1953 778 2000 Exterriti
798 1952 866 2012 hi,
889 1953 971 2017 qui
994 1952 1055 1999 ad
1077 1953 1345 2000 custodiam
1366 1953 1559 2000 alterius
1582 1954 1742 2015 castri,
1765 1955 1917 2001 nomi-

496 2032 595 2079 nati
617 2035 792 2088 Gavoe,
813 2030 957 2077 locati
977 2039 1136 2091 erant,
1157 2047 1212 2077 ac
1236 2031 1385 2077 nimio
1409 2030 1561 2078 affecti
1579 2047 1777 2095 pavore,
1805 2047 1916 2079 cum

498 2125 598 2156 non
647 2107 924 2155 dissimilem
965 2108 1144 2155 exitum
1181 2125 1230 2155 se
1274 2118 1520 2173 sperarent
1554 2108 1828 2169 habituros,
1879 2109 1918 2156 si

500 2186 803 2234 obsidionem
837 2187 978 2234 etiam
1010 2186 1099 2252 ipsi
1130 2196 1484 2252 exspectarent,
1520 2196 1566 2233 et
1597 2195 1698 2233 tum
1729 2187 1789 2234 de
1822 2186 1918 2235 fide

501 2281 556 2312 ac
591 2265 835 2331 promissis
871 2263 1200 2311 Gandensium
1235 2281 1335 2311 non
1373 2262 1604 2311 auderent
1645 2262 1914 2323 confidere,

503 2344 586 2408 qui
635 2342 751 2389 alios
805 2343 852 2388 in
895 2341 1086 2388 duobus
1138 2340 1378 2406 prioribus
1432 2341 1547 2387 locis
1603 2340 1814 2406 perditos
1864 2342 1919 2389 iri

503 2421 804 2485 reliquissent
852 2419 1032 2484 absque
1074 2418 1170 2465 ulla
1207 2418 1514 2477 defensione,
1559 2428 1727 2466 contra
1774 2418 1920 2468 fidem

505 2499 905 2566 pollicitationum
937 2514 1154 2555 suarum,
1190 2497 1472 2543 nuntiarunt
1505 2496 1840 2547 Gandensibus
1871 2514 1921 2546 se

508 2577 704 2624 minime
726 2583 1079 2640 exspectaturos
1103 2572 1431 2633 obsidionem,
1458 2573 1540 2619 sed
1571 2573 1732 2620 locum
1762 2574 1923 2639 potius

507 2656 666 2721 ipsum
714 2670 919 2702 vacuum
964 2653 1228 2700 relicturos,
1277 2650 1421 2709 Quod
1461 2669 1572 2699 cum
1621 2651 1924 2700 intellexisset

563 2783 600 2818 1.
629 2783 702 2819 Les
720 2779 909 2818 chateaux
925 2777 972 2817 de
992 2778 1143 2816 Poucke
1156 2809 1166 2827 ,
1187 2776 1236 2816 de
1254 2776 1541 2818 Schendelbeke
1560 2787 1597 2817 et
1617 2777 1665 2818 de
1684 2766 1824 2818 Gavre.

563 2843 602 2880 2.
634 2844 706 2878 Les
728 2840 947 2891 operations
974 2838 1284 2878 commencerent
1306 2852 1355 2877 au
1379 2839 1571 2877 contraire
1600 2852 1669 2891 par
1694 2839 1732 2877 la
1751 2839 1852 2892 prise
1876 2839 1924 2879 de

509 2899 816 2948 Schendelbeke;
840 2900 991 2938 Pouckc
1011 2900 1066 2938 fut
1087 2899 1242 2951 attaquoe'³
1261 2912 1309 2937 en
1328 2899 1469 2938 second
1488 2900 1579 2940 lieu.
