2086 3528
522 375 543 413 1
550 374 601 413 32
903 371 1250 411 HISTORIARUM
1280 373 1462 411 CAROLI
1491 373 1558 411 VII

520 457 733 507 exierant
749 472 850 503 non
869 456 1084 518 ignotam
1098 492 1110 514 ,
1136 454 1299 503 denuo
1321 456 1490 504 Franci
1506 456 1667 522 ipsum
1688 455 1852 506 locum
1868 473 1944 506 re·

520 543 777 600 ceperunt,
806 532 890 598 qui
916 531 1011 580 illic
1032 533 1214 581 inventi
1248 533 1439 582 fuerunt
1474 535 1683 598 Anglicis
1713 535 1841 583 caesis
1867 535 1944 584 vel

517 612 782 678 captivatis.

583 691 736 739 Aliam
751 699 911 737 autem
934 688 1287 755 expeditionem
1312 689 1447 738 duxit
1467 708 1578 739 cum
1601 707 1776 755 magna
1793 690 1942 741 classe

515 785 678 816 comes
701 767 762 815 de
783 769 1037 814 Ηαηίίῐοη1
1058 768 1108 814 in
1131 768 1451 832 Aquitaniam,
1471 770 1533 818 ad
1554 769 1811 818 tutandum
1824 772 1942 818 Vas-

514 847 666 895 coniae
683 857 831 895 terras
852 856 899 894 et
920 846 1132 894 civitates
1161 863 1280 911 quas
1301 846 1396 894 illic
1419 849 1678 913 Anglorum
1710 865 1793 896 rex
1824 858 1941 897 tunc

514 925 782 973 obtinebat.

576 1003 671 1050 Sed
702 1003 776 1051 hae
807 1002 913 1050 duae
945 1002 1210 1067 Anglorum
1243 1002 1581 1068 expeditiones·
1604 1003 1810 1066 ultimae,
1838 1022 1937 1054 una

508 1081 557 1128 in
590 1081 887 1128 Normannia
926 1090 973 1128 et·
1009 1080 1156 1128 altera
1196 1082 1245 1128 in
1283 1081 1532 1145 Aquitania
1549 1118 1560 1140 ‚
1600 1082 1725 1139 satis*
1740 1092 1937 1131 tenuem

507 1159 714 1206 fructum
736 1160 848 1224 ipsis
874 1159 1032 1223 Anglis
1052 1161 1396 1225 parturierunt.
1425 1159 1557 1207 Adeo
1582 1161 1710 1208 enim
1734 1178 1936 1226 regnum

506 1238 803 1282 Francorum
827 1234 1098 1282 desolatum
1115 1245 1217 1282 erat
1232 1273 1244 1297 ‚
1266 1235 1511 1300 potissime
1530 1252 1683 1301 prope
1707 1237 1936 1295 terminos

505 1310 727 1359 locorum
761 1329 866 1377 quae
890 1311 1074 1376 Anglici
1103 1312 1411 1373 detinebant,
1440 1313 1574 1379 quod
1601 1312 1935 1362 difficillimum

506 1400 607 1438 erat
626 1400 673 1437 et
691 1408 826 1456 paene
845 1391 1139 1457 impossibile
1164 1392 1212 1438 in
1234 1392 1323 1439 illis
1342 1393 1479 1440 terris
1500 1393 1762 1440 exercitum
1785 1393 1932 1455 alere,

504 1469 688 1516 etiamsi
706 1469 835 1516 mille
859 1470 1075 1533 equitum
1093 1470 1169 1517 vel
1188 1471 1437 1534 quingenti
1463 1470 1802 1519 tantummodo
1823 1471 1936 1519 suis-

503 1556 626 1595 sent.
666 1550 736 1595 Ita
769 1548 926 1605 enim,
958 1557 1011 1595 ut
1041 1549 1141 1612 Jam
1181 1565 1303 1614 saepe
1330 1549 1606 1609 retulimus,
1650 1549 1934 1615 praedonum

501 1627 749 1690 utriusque
769 1627 918 1691 partis
941 1627 1174 1692 rapacitas
1198 1637 1340 1690 atque
1370 1628 1644 1675 immanitas
1667 1628 1830 1676 omnia
1853 1645 1929 1676 ex-

500 1702 752 1762 hauserat,
792 1720 963 1751 omnes
1000 1722 1057 1751 ex
1091 1706 1214 1769 agris
1240 1705 1449 1752 cultores
1486 1706 1823 1771 profligaverat
1855 1707 1934 1771 (et

499 1781 760 1846 praesertim
783 1780 849 1827 illi
868 1781 952 1844 qui
969 1798 1024 1828 ex
1047 1781 1240 1829 Francis
1263 1783 1605 1830 Scorticatores
1619 1783 1932 1848 appellaban-

499 1857 615 1921 tur),
643 1868 695 1906 ut
717 1859 936 1906 maximae
958 1875 1045 1923 per
1067 1858 1253 1906 diversa
1278 1861 1412 1924 regni
1435 1859 1543 1908 loca
1561 1861 1821 1926 provineiae
1838 1861 1931 1910 de-

498 1945 632 1983 sertae
655 1936 940 2001 incultaeque
973 1947 1255 1999 manerent,
1293 1938 1709 2003 quemadmodum
1733 1955 1762 1987 a
1786 1940 1930 1988 nobis

497 2029 641 2079 supra
662 2014 803 2062 latius
825 2015 1030 2063 relatum
1053 2025 1139 2062 est.

979 2202 1322 2249 CAPlTULUM
1357 2204 1438 2248 xl.

652 2331 802 2367 Obsidio
821 2332 977 2368 secunda
992 2332 1166 2369 Harefluti
1181 2334 1226 2368 ab
1243 2333 1362 2381 Anglis
1373 2360 1382 2377 ,
1401 2341 1434 2368 et
1450 2332 1559 2380 ipsius
1577 2335 1762 2371 assecutio,

562 2454 737 2499 Exacto
757 2469 872 2499 vero
892 2462 1002 2518 post
1028 2453 1214 2500 circiter
1245 2452 1444 2500 biennio
1461 2490 1472 2512 ‚
1513 2452 1647 2515 Angli
1685 2454 1923 2519 oppidum

494 2528 742 2590 Harefluti‚
758 2529 892 2594 quod
907 2546 1052 2595 supra
1069 2530 1221 2594 ripam
1244 2532 1474 2594 Sequanae
1487 2566 1498 2588 ,
1516 2547 1669 2595 prope
1686 2530 1770 2578 ubi
1790 2548 1922 2581 mare

494 2605 667 2666 influit,
686 2607 827 2654 situm
846 2617 931 2666 est,
952 2607 1204 2654 obsidione
1227 2617 1349 2655 terra
1373 2608 1588 2672 marique
1613 2608 1916 2672 cinxerunt¹3

493 2685 628 2749 cujus
662 2685 922 2733 obsidionis
955 2685 1102 2733 duces
1137 2696 1272 2733 erant
1294 2686 1391 2733 dux
1415 2689 1725 2736 Summerseti
1758 2699 1806 2737 et
1827 2689 1922 2738 do-

551 2823 586 2861 1.
620 2824 673 2860 Le
695 2829 820 2860 comte
838 2820 887 2860 de
906 2820 1167 2874 Huntington.

549 2884 587 2919 2.
620 2883 651 2920 A
677 2881 714 2920 la
732 2883 783 2920 fin
799 2881 935 2920 d'avril
960 2883 1077 2922 1440.
