<?xml version="1.0" encoding="UTF-8"?>
<!DOCTYPE html PUBLIC "-//W3C//DTD XHTML 1.0 Transitional//EN"
    "http://www.w3.org/TR/xhtml1/DTD/xhtml1-transitional.dtd">
<html xmlns="http://www.w3.org/1999/xhtml" xml:lang="en" lang="en">
 <head>
  <title>
</title>
<meta http-equiv="Content-Type" content="text/html;charset=utf-8" />
  <meta name='ocr-system' content='tesseract 3.04.00' />
  <meta name='ocr-capabilities' content='ocr_page ocr_carea ocr_par ocr_line ocrx_word'/>
</head>
<body>
  <div class='ocr_page' id='page_1' title='image "./histoiredesrgn01basiuoft_0374.png"; bbox 0 0 2086 3528; ppageno 0'>
   <div class='ocr_carea' id='block_1_1' title="bbox 535 391 1568 432">
    <p class='ocr_par' dir='ltr' id='par_1_1' title="bbox 535 391 1568 432">
     <span class='ocr_line' id='line_1_1' title="bbox 535 391 1568 432; baseline 0 -2"><span class='ocrx_word' id='word_1_1' title='bbox 535 395 613 432; x_wconf 81' lang='lat'><strong>200</strong></span> <span class='ocrx_word' id='word_1_2' title='bbox 919 391 1262 430; x_wconf 87' lang='lat' dir='ltr'><strong>HISTORIARUM</strong></span> <span class='ocrx_word' id='word_1_3' title='bbox 1287 392 1467 430; x_wconf 87' lang='lat' dir='ltr'>CAROLI</span> <span class='ocrx_word' id='word_1_4' title='bbox 1497 394 1568 430; x_wconf 92' lang='lat' dir='ltr'><strong>VII</strong></span> 
     </span>
    </p>
   </div>
   <div class='ocr_carea' id='block_1_2' title="bbox 533 473 1965 2328">
    <p class='ocr_par' dir='ltr' id='par_1_2' title="bbox 533 473 1965 2328">
     <span class='ocr_line' id='line_1_2' title="bbox 536 473 1951 536; baseline -0.001 -14"><span class='ocrx_word' id='word_1_5' title='bbox 536 473 838 523; x_wconf 88' lang='lat' dir='ltr'><strong>obtinebant.</strong></span> <span class='ocrx_word' id='word_1_6' title='bbox 873 475 996 520; x_wconf 90' lang='lat' dir='ltr'><strong>Cum</strong></span> <span class='ocrx_word' id='word_1_7' title='bbox 1025 482 1187 520; x_wconf 90' lang='lat' dir='ltr'><strong>autem</strong></span> <span class='ocrx_word' id='word_1_8' title='bbox 1206 491 1306 522; x_wconf 91' lang='lat' dir='ltr'><strong>uno</strong></span> <span class='ocrx_word' id='word_1_9' title='bbox 1330 475 1432 536; x_wconf 87' lang='lat' dir='ltr'><strong>die,</strong></span> <span class='ocrx_word' id='word_1_10' title='bbox 1455 491 1619 522; x_wconf 91' lang='lat' dir='ltr'><strong>mense</strong></span> <span class='ocrx_word' id='word_1_11' title='bbox 1641 474 1793 536; x_wconf 86' lang='lat' dir='ltr'><strong>maio,</strong></span> <span class='ocrx_word' id='word_1_12' title='bbox 1820 482 1873 521; x_wconf 90' lang='lat' dir='ltr'><strong>ut</strong></span> <span class='ocrx_word' id='word_1_13' title='bbox 1893 489 1951 535; x_wconf 68' lang='lat' dir='ltr'><strong>ex</strong></span> 
     </span>
     <span class='ocr_line' id='line_1_3' title="bbox 536 551 1952 619; baseline 0.001 -20"><span class='ocrx_word' id='word_1_14' title='bbox 536 569 670 599; x_wconf 87' lang='lat' dir='ltr'><strong>more</strong></span> <span class='ocrx_word' id='word_1_15' title='bbox 692 560 1018 611; x_wconf 85' lang='lat' dir='ltr'><strong>assueverant,</strong></span> <span class='ocrx_word' id='word_1_16' title='bbox 1041 551 1166 598; x_wconf 88' lang='lat' dir='ltr'><strong>circa</strong></span> <span class='ocrx_word' id='word_1_17' title='bbox 1191 560 1350 599; x_wconf 90' lang='lat' dir='ltr'><strong>ortum</strong></span> <span class='ocrx_word' id='word_1_18' title='bbox 1377 553 1488 600; x_wconf 90' lang='lat' dir='ltr'><strong>solis</strong></span> <span class='ocrx_word' id='word_1_19' title='bbox 1515 569 1602 618; x_wconf 89' lang='lat' dir='ltr'><strong>per</strong></span> <span class='ocrx_word' id='word_1_20' title='bbox 1624 562 1952 619; x_wconf 27' lang='lat' dir='ltr'><strong>pontem-cum</strong></span> 
     </span>
     <span class='ocr_line' id='line_1_4' title="bbox 534 628 1954 707; baseline 0 -31"><span class='ocrx_word' id='word_1_21' title='bbox 534 630 631 677; x_wconf 91' lang='lat' dir='ltr'><strong>suis</strong></span> <span class='ocrx_word' id='word_1_22' title='bbox 652 628 872 676; x_wconf 87' lang='lat' dir='ltr'><strong>curribus</strong></span> <span class='ocrx_word' id='word_1_23' title='bbox 890 628 1132 676; x_wconf 88' lang='lat' dir='ltr'><strong>transituri</strong></span> <span class='ocrx_word' id='word_1_24' title='bbox 1144 629 1428 691; x_wconf 86' lang='lat' dir='ltr'><strong>venissent¹,</strong></span> <span class='ocrx_word' id='word_1_25' title='bbox 1450 630 1828 707; x_wconf 66' lang='lat' dir='ltr'><strong>clamassentque</strong></span> <span class='ocrx_word' id='word_1_26' title='bbox 1849 644 1954 682; x_wconf 73' lang='lat' dir='ltr'><strong>cus-</strong></span> 
     </span>
     <span class='ocr_line' id='line_1_5' title="bbox 534 706 1950 773; baseline 0.001 -19"><span class='ocrx_word' id='word_1_27' title='bbox 534 707 637 754; x_wconf 83' lang='lat' dir='ltr'>todi</span> <span class='ocrx_word' id='word_1_28' title='bbox 662 706 822 772; x_wconf 90' lang='lat' dir='ltr'><strong>pontis</strong></span> <span class='ocrx_word' id='word_1_29' title='bbox 840 715 1076 770; x_wconf 90' lang='lat' dir='ltr'><strong>quatenus</strong></span> <span class='ocrx_word' id='word_1_30' title='bbox 1099 707 1165 753; x_wconf 89' lang='lat' dir='ltr'><strong>eis</strong></span> <span class='ocrx_word' id='word_1_31' title='bbox 1184 707 1434 754; x_wconf 89' lang='lat' dir='ltr'><strong>transitum</strong></span> <span class='ocrx_word' id='word_1_32' title='bbox 1449 716 1496 754; x_wconf 89' lang='lat' dir='ltr'><strong>et</strong></span> <span class='ocrx_word' id='word_1_33' title='bbox 1508 717 1698 773; x_wconf 90' lang='lat' dir='ltr'><strong>portam</strong></span> <span class='ocrx_word' id='word_1_34' title='bbox 1714 707 1950 772; x_wconf 86' lang='lat' dir='ltr'><strong>aperiret,</strong></span> 
     </span>
     <span class='ocr_line' id='line_1_6' title="bbox 535 783 1954 850; baseline 0.001 -19"><span class='ocrx_word' id='word_1_35' title='bbox 535 784 634 845; x_wconf 90' lang='lat' dir='ltr'><strong>ille,</strong></span> <span class='ocrx_word' id='word_1_36' title='bbox 672 801 756 850; x_wconf 91' lang='lat' dir='ltr'><strong>spe</strong></span> <span class='ocrx_word' id='word_1_37' title='bbox 790 800 931 831; x_wconf 89' lang='lat' dir='ltr'><strong>suum</strong></span> <span class='ocrx_word' id='word_1_38' title='bbox 970 783 1161 831; x_wconf 91' lang='lat' dir='ltr'><strong>solitum</strong></span> <span class='ocrx_word' id='word_1_39' title='bbox 1195 784 1509 832; x_wconf 89' lang='lat' dir='ltr'><strong>honorarium</strong></span> <span class='ocrx_word' id='word_1_40' title='bbox 1541 783 1895 849; x_wconf 90' lang='lat' dir='ltr'><strong>consequendi,</strong></span> <span class='ocrx_word' id='word_1_41' title='bbox 1925 800 1954 832; x_wconf 83' lang='lat' dir='ltr'><strong>e</strong></span> 
     </span>
     <span class='ocr_line' id='line_1_7' title="bbox 533 862 1955 928; baseline 0.001 -18"><span class='ocrx_word' id='word_1_42' title='bbox 533 872 684 910; x_wconf 89' lang='lat' dir='ltr'><strong>stratu</strong></span> <span class='ocrx_word' id='word_1_43' title='bbox 701 879 788 910; x_wconf 91' lang='lat' dir='ltr'><strong>suo</strong></span> <span class='ocrx_word' id='word_1_44' title='bbox 803 862 1019 910; x_wconf 85' lang='lat' dir='ltr'><strong>alacriter</strong></span> <span class='ocrx_word' id='word_1_45' title='bbox 1041 869 1360 927; x_wconf 74' lang='lat' dir='ltr'><strong>consurgens,</strong></span> <span class='ocrx_word' id='word_1_46' title='bbox 1386 863 1482 910; x_wconf 91' lang='lat' dir='ltr'><strong>suis</strong></span> <span class='ocrx_word' id='word_1_47' title='bbox 1503 864 1674 928; x_wconf 87' lang='lat' dir='ltr'><strong>aurigis</strong></span> <span class='ocrx_word' id='word_1_48' title='bbox 1697 863 1787 911; x_wconf 89' lang='lat' dir='ltr'><strong>sibi</strong></span> <span class='ocrx_word' id='word_1_49' title='bbox 1809 862 1955 911; x_wconf 85' lang='lat' dir='ltr'><strong>notis-</strong></span> 
     </span>
     <span class='ocr_line' id='line_1_8' title="bbox 534 940 1956 1006; baseline 0.001 -18"><span class='ocrx_word' id='word_1_50' title='bbox 534 941 663 988; x_wconf 91' lang='lat' dir='ltr'><strong>simis</strong></span> <span class='ocrx_word' id='word_1_51' title='bbox 694 941 851 988; x_wconf 88' lang='lat' dir='ltr'><strong>statim</strong></span> <span class='ocrx_word' id='word_1_52' title='bbox 874 951 1072 1006; x_wconf 87' lang='lat' dir='ltr'><strong>pontem</strong></span> <span class='ocrx_word' id='word_1_53' title='bbox 1097 942 1283 1006; x_wconf 89' lang='lat' dir='ltr'><strong>aperuit</strong></span> <span class='ocrx_word' id='word_1_54' title='bbox 1306 951 1354 988; x_wconf 90' lang='lat' dir='ltr'><strong>et</strong></span> <span class='ocrx_word' id='word_1_55' title='bbox 1375 941 1594 1005; x_wconf 91' lang='lat' dir='ltr'><strong>januam,</strong></span> <span class='ocrx_word' id='word_1_56' title='bbox 1619 942 1738 989; x_wconf 91' lang='lat' dir='ltr'><strong>nihil</strong></span> <span class='ocrx_word' id='word_1_57' title='bbox 1760 940 1956 990; x_wconf 89' lang='lat' dir='ltr'><strong>insidia-</strong></span> 
     </span>
     <span class='ocr_line' id='line_1_9' title="bbox 535 1018 1956 1084; baseline 0.001 -18"><span class='ocrx_word' id='word_1_58' title='bbox 535 1036 642 1066; x_wconf 89' lang='lat' dir='ltr'><strong>rum</strong></span> <span class='ocrx_word' id='word_1_59' title='bbox 673 1018 829 1066; x_wconf 92' lang='lat' dir='ltr'><strong>dolive</strong></span> <span class='ocrx_word' id='word_1_60' title='bbox 853 1018 1134 1083; x_wconf 89' lang='lat' dir='ltr'><strong>suspicatus.</strong></span> <span class='ocrx_word' id='word_1_61' title='bbox 1162 1021 1271 1066; x_wconf 85' lang='lat' dir='ltr'><strong>Erat</strong></span> <span class='ocrx_word' id='word_1_62' title='bbox 1294 1018 1373 1065; x_wconf 92' lang='lat' dir='ltr'><strong>ille</strong></span> <span class='ocrx_word' id='word_1_63' title='bbox 1395 1019 1600 1083; x_wconf 88' lang='lat' dir='ltr'><strong>armiger</strong></span> <span class='ocrx_word' id='word_1_64' title='bbox 1622 1019 1859 1084; x_wconf 82' lang='lat' dir='ltr'><strong>Anglicus,</strong></span> <span class='ocrx_word' id='word_1_65' title='bbox 1881 1020 1956 1067; x_wconf 82' lang='lat' dir='ltr'><strong>vir</strong></span> 
     </span>
     <span class='ocr_line' id='line_1_10' title="bbox 534 1095 1956 1160; baseline 0.001 -18"><span class='ocrx_word' id='word_1_66' title='bbox 534 1113 792 1160; x_wconf 84' lang='lat' dir='ltr'><strong>generosus</strong></span> <span class='ocrx_word' id='word_1_67' title='bbox 814 1105 862 1142; x_wconf 91' lang='lat' dir='ltr'><strong>et</strong></span> <span class='ocrx_word' id='word_1_68' title='bbox 883 1112 1089 1160; x_wconf 91' lang='lat' dir='ltr'><strong>corpore</strong></span> <span class='ocrx_word' id='word_1_69' title='bbox 1102 1095 1241 1143; x_wconf 87' lang='lat' dir='ltr'><strong>valde</strong></span> <span class='ocrx_word' id='word_1_70' title='bbox 1254 1095 1498 1143; x_wconf 90' lang='lat' dir='ltr'><strong>robustus.</strong></span> <span class='ocrx_word' id='word_1_71' title='bbox 1520 1099 1642 1143; x_wconf 92' lang='lat' dir='ltr'><strong>Cum</strong></span> <span class='ocrx_word' id='word_1_72' title='bbox 1658 1095 1956 1144; x_wconf 75' lang='lat' dir='ltr'><strong>autem&#39;alter</strong></span> 
     </span>
     <span class='ocr_line' id='line_1_11' title="bbox 534 1173 1956 1239; baseline 0.001 -18"><span class='ocrx_word' id='word_1_73' title='bbox 534 1190 591 1221; x_wconf 88' lang='lat' dir='ltr'><strong>ex</strong></span> <span class='ocrx_word' id='word_1_74' title='bbox 622 1174 796 1237; x_wconf 85' lang='lat' dir='ltr'><strong>aurigis</strong></span> <span class='ocrx_word' id='word_1_75' title='bbox 829 1173 918 1220; x_wconf 91' lang='lat' dir='ltr'><strong>sub</strong></span> <span class='ocrx_word' id='word_1_76' title='bbox 947 1173 1139 1220; x_wconf 85' lang='lat' dir='ltr'><strong>colobio</strong></span> <span class='ocrx_word' id='word_1_77' title='bbox 1166 1174 1431 1221; x_wconf 74' lang='lat' dir='ltr'><strong>rusticano²</strong></span> <span class='ocrx_word' id='word_1_78' title='bbox 1455 1190 1589 1221; x_wconf 88' lang='lat' dir='ltr'><strong>arma</strong></span> <span class='ocrx_word' id='word_1_79' title='bbox 1612 1183 1755 1239; x_wconf 92' lang='lat' dir='ltr'><strong>atque</strong></span> <span class='ocrx_word' id='word_1_80' title='bbox 1789 1174 1956 1239; x_wconf 88' lang='lat' dir='ltr'><strong>pugio-</strong></span> 
     </span>
     <span class='ocr_line' id='line_1_12' title="bbox 536 1242 1957 1318; baseline 0.001 -20"><span class='ocrx_word' id='word_1_81' title='bbox 536 1269 648 1300; x_wconf 86' lang='lat' dir='ltr'><strong>nem</strong></span> <span class='ocrx_word' id='word_1_82' title='bbox 695 1261 873 1316; x_wconf 88' lang='lat' dir='ltr'><strong>tegeret</strong></span> <span class='ocrx_word' id='word_1_83' title='bbox 898 1289 910 1313; x_wconf 97' lang='lat'><strong>,</strong></span> <span class='ocrx_word' id='word_1_84' title='bbox 970 1262 1017 1301; x_wconf 88' lang='lat' dir='ltr'><strong>et</strong></span> <span class='ocrx_word' id='word_1_85' title='bbox 1054 1242 1217 1316; x_wconf 63' lang='lat' dir='ltr'><strong>⁴usque</strong></span> <span class='ocrx_word' id='word_1_86' title='bbox 1262 1268 1407 1316; x_wconf 88' lang='lat' dir='ltr'><strong>supra</strong></span> <span class='ocrx_word' id='word_1_87' title='bbox 1458 1252 1711 1300; x_wconf 85' lang='lat' dir='ltr'><strong>levaticum</strong></span> <span class='ocrx_word' id='word_1_88' title='bbox 1759 1261 1957 1318; x_wconf 88' lang='lat' dir='ltr'><strong>pontem</strong></span> 
     </span>
     <span class='ocr_line' id='line_1_13' title="bbox 537 1328 1958 1395; baseline 0.001 -19"><span class='ocrx_word' id='word_1_89' title='bbox 537 1346 732 1376; x_wconf 91' lang='lat' dir='ltr'><strong>currum</strong></span> <span class='ocrx_word' id='word_1_90' title='bbox 763 1333 905 1376; x_wconf 85' lang='lat' dir='ltr'><strong>&#39;suum</strong></span> <span class='ocrx_word' id='word_1_91' title='bbox 931 1329 1221 1389; x_wconf 87' lang='lat' dir='ltr'><strong>advexisset,</strong></span> <span class='ocrx_word' id='word_1_92' title='bbox 1249 1329 1346 1375; x_wconf 90' lang='lat' dir='ltr'><strong>ictu</strong></span> <span class='ocrx_word' id='word_1_93' title='bbox 1368 1330 1589 1394; x_wconf 90' lang='lat' dir='ltr'><strong>pugionis</strong></span> <span class='ocrx_word' id='word_1_94' title='bbox 1607 1330 1766 1395; x_wconf 92' lang='lat' dir='ltr'><strong>ipsum</strong></span> <span class='ocrx_word' id='word_1_95' title='bbox 1790 1328 1958 1394; x_wconf 83' lang='lat' dir='ltr'><strong>Angli-</strong></span> 
     </span>
     <span class='ocr_line' id='line_1_14' title="bbox 538 1406 1959 1471; baseline 0.001 -18"><span class='ocrx_word' id='word_1_96' title='bbox 538 1423 649 1454; x_wconf 90' lang='lat' dir='ltr'><strong>cum</strong></span> <span class='ocrx_word' id='word_1_97' title='bbox 684 1406 933 1453; x_wconf 86' lang='lat' dir='ltr'><strong>custodem</strong></span> <span class='ocrx_word' id='word_1_98' title='bbox 958 1416 1111 1471; x_wconf 86' lang='lat' dir='ltr'><strong>portae</strong></span> <span class='ocrx_word' id='word_1_99' title='bbox 1141 1406 1378 1466; x_wconf 89' lang='lat' dir='ltr'><strong>confodit,</strong></span> <span class='ocrx_word' id='word_1_100' title='bbox 1415 1416 1462 1453; x_wconf 89' lang='lat' dir='ltr'><strong>et</strong></span> <span class='ocrx_word' id='word_1_101' title='bbox 1489 1424 1546 1454; x_wconf 82' lang='lat' dir='ltr'><strong>ex</strong></span> <span class='ocrx_word' id='word_1_102' title='bbox 1579 1408 1678 1455; x_wconf 87' lang='lat' dir='ltr'><strong>alto</strong></span> <span class='ocrx_word' id='word_1_103' title='bbox 1703 1407 1753 1454; x_wconf 90' lang='lat' dir='ltr'><strong>in</strong></span> <span class='ocrx_word' id='word_1_104' title='bbox 1777 1407 1959 1454; x_wconf 87' lang='lat' dir='ltr'><strong>flumen</strong></span> 
     </span>
     <span class='ocr_line' id='line_1_15' title="bbox 538 1484 1955 1549; baseline 0.001 -19"><span class='ocrx_word' id='word_1_105' title='bbox 538 1484 863 1549; x_wconf 63' lang='lat' dir='ltr'><strong>praecipitavit.</strong></span> <span class='ocrx_word' id='word_1_106' title='bbox 879 1487 991 1531; x_wconf 89' lang='lat' dir='ltr'><strong>Erat</strong></span> <span class='ocrx_word' id='word_1_107' title='bbox 1007 1484 1136 1530; x_wconf 90' lang='lat' dir='ltr'><strong>enim</strong></span> <span class='ocrx_word' id='word_1_108' title='bbox 1150 1485 1252 1549; x_wconf 88' lang='lat' dir='ltr'><strong>ipse</strong></span> <span class='ocrx_word' id='word_1_109' title='bbox 1268 1484 1432 1549; x_wconf 88' lang='lat' dir='ltr'><strong>auriga</strong></span> <span class='ocrx_word' id='word_1_110' title='bbox 1446 1485 1520 1531; x_wconf 88' lang='lat' dir='ltr'><strong>vir</strong></span> <span class='ocrx_word' id='word_1_111' title='bbox 1531 1485 1707 1532; x_wconf 83' lang='lat' dir='ltr'><strong>militiae</strong></span> <span class='ocrx_word' id='word_1_112' title='bbox 1721 1494 1955 1545; x_wconf 89' lang='lat' dir='ltr'><strong>assuetus,</strong></span> 
     </span>
     <span class='ocr_line' id='line_1_16' title="bbox 538 1561 1960 1610; baseline 0 -2"><span class='ocrx_word' id='word_1_113' title='bbox 538 1561 741 1608; x_wconf 87' lang='lat' dir='ltr'><strong>multum</strong></span> <span class='ocrx_word' id='word_1_114' title='bbox 782 1562 926 1609; x_wconf 86' lang='lat' dir='ltr'><strong>etiam</strong></span> <span class='ocrx_word' id='word_1_115' title='bbox 967 1561 1212 1609; x_wconf 88' lang='lat' dir='ltr'><strong>robustus.</strong></span> <span class='ocrx_word' id='word_1_116' title='bbox 1247 1564 1370 1608; x_wconf 90' lang='lat' dir='ltr'><strong>Cum</strong></span> <span class='ocrx_word' id='word_1_117' title='bbox 1410 1572 1569 1610; x_wconf 92' lang='lat' dir='ltr'><strong>autem</strong></span> <span class='ocrx_word' id='word_1_118' title='bbox 1611 1563 1676 1610; x_wconf 85' lang='lat' dir='ltr'><strong>ita</strong></span> <span class='ocrx_word' id='word_1_119' title='bbox 1712 1562 1960 1610; x_wconf 88' lang='lat' dir='ltr'><strong>actitatum</strong></span> 
     </span>
     <span class='ocr_line' id='line_1_17' title="bbox 540 1640 1956 1705; baseline 0 -18"><span class='ocrx_word' id='word_1_120' title='bbox 540 1650 661 1687; x_wconf 88' lang='lat' dir='ltr'><strong>esset</strong></span> <span class='ocrx_word' id='word_1_121' title='bbox 677 1677 689 1701; x_wconf 95' lang='lat'><strong>,</strong></span> <span class='ocrx_word' id='word_1_122' title='bbox 729 1640 886 1687; x_wconf 84' lang='lat' dir='ltr'><strong>statim</strong></span> <span class='ocrx_word' id='word_1_123' title='bbox 920 1641 1086 1704; x_wconf 88' lang='lat' dir='ltr'><strong>auriga</strong></span> <span class='ocrx_word' id='word_1_124' title='bbox 1118 1640 1218 1705; x_wconf 92' lang='lat' dir='ltr'><strong>ipse</strong></span> <span class='ocrx_word' id='word_1_125' title='bbox 1242 1640 1513 1689; x_wconf 60' lang='lat' dir='ltr'><strong>&gt;clamorem</strong></span> <span class='ocrx_word' id='word_1_126' title='bbox 1541 1640 1753 1689; x_wconf 85' lang='lat' dir='ltr'><strong>validum</strong></span> <span class='ocrx_word' id='word_1_127' title='bbox 1778 1640 1956 1701; x_wconf 89' lang='lat' dir='ltr'><strong>emisit,</strong></span> 
     </span>
     <span class='ocr_line' id='line_1_18' title="bbox 540 1717 1962 1784; baseline 0.001 -21"><span class='ocrx_word' id='word_1_128' title='bbox 540 1717 824 1781; x_wconf 87' lang='lat' dir='ltr'><strong>signumque</strong></span> <span class='ocrx_word' id='word_1_129' title='bbox 839 1755 851 1779; x_wconf 94' lang='lat'><strong>,</strong></span> <span class='ocrx_word' id='word_1_130' title='bbox 875 1718 1010 1782; x_wconf 87' lang='lat' dir='ltr'><strong>juxta</strong></span> <span class='ocrx_word' id='word_1_131' title='bbox 1024 1717 1323 1766; x_wconf 84' lang='lat' dir='ltr'><strong>adstantibus</strong></span> <span class='ocrx_word' id='word_1_132' title='bbox 1348 1728 1393 1766; x_wconf 89' lang='lat' dir='ltr'><strong>et</strong></span> <span class='ocrx_word' id='word_1_133' title='bbox 1414 1719 1463 1765; x_wconf 92' lang='lat' dir='ltr'><strong>in</strong></span> <span class='ocrx_word' id='word_1_134' title='bbox 1481 1718 1662 1766; x_wconf 91' lang='lat' dir='ltr'><strong>insidiis</strong></span> <span class='ocrx_word' id='word_1_135' title='bbox 1679 1719 1728 1766; x_wconf 93' lang='lat' dir='ltr'><strong>in</strong></span> <span class='ocrx_word' id='word_1_136' title='bbox 1750 1717 1962 1784; x_wconf 90' lang='lat' dir='ltr'><strong>quadam</strong></span> 
     </span>
     <span class='ocr_line' id='line_1_19' title="bbox 539 1794 1958 1860; baseline 0.002 -19"><span class='ocrx_word' id='word_1_137' title='bbox 539 1794 737 1842; x_wconf 88' lang='lat' dir='ltr'><strong>aedicula</strong></span> <span class='ocrx_word' id='word_1_138' title='bbox 781 1796 1056 1860; x_wconf 90' lang='lat' dir='ltr'><strong>propinqua</strong></span> <span class='ocrx_word' id='word_1_139' title='bbox 1094 1795 1348 1843; x_wconf 89' lang='lat' dir='ltr'><strong>latentibus</strong></span> <span class='ocrx_word' id='word_1_140' title='bbox 1363 1834 1375 1858; x_wconf 93' lang='lat'><strong>,</strong></span> <span class='ocrx_word' id='word_1_141' title='bbox 1417 1797 1608 1844; x_wconf 88' lang='lat' dir='ltr'><strong>Francis</strong></span> <span class='ocrx_word' id='word_1_142' title='bbox 1648 1796 1795 1844; x_wconf 86' lang='lat' dir='ltr'><strong>dedit.</strong></span> <span class='ocrx_word' id='word_1_143' title='bbox 1837 1795 1958 1859; x_wconf 87' lang='lat' dir='ltr'><strong>Qui,</strong></span> 
     </span>
     <span class='ocr_line' id='line_1_20' title="bbox 541 1873 1963 1941; baseline 0.001 -21"><span class='ocrx_word' id='word_1_144' title='bbox 541 1873 751 1921; x_wconf 91' lang='lat' dir='ltr'><strong>clamore</strong></span> <span class='ocrx_word' id='word_1_145' title='bbox 777 1874 943 1921; x_wconf 86' lang='lat' dir='ltr'><strong>audito</strong></span> <span class='ocrx_word' id='word_1_146' title='bbox 958 1912 970 1936; x_wconf 91' lang='lat'><strong>,</strong></span> <span class='ocrx_word' id='word_1_147' title='bbox 999 1875 1100 1922; x_wconf 92' lang='lat' dir='ltr'><strong>sine</strong></span> <span class='ocrx_word' id='word_1_148' title='bbox 1126 1891 1262 1921; x_wconf 89' lang='lat' dir='ltr'><strong>mora</strong></span> <span class='ocrx_word' id='word_1_149' title='bbox 1287 1875 1349 1921; x_wconf 89' lang='lat' dir='ltr'><strong>ad</strong></span> <span class='ocrx_word' id='word_1_150' title='bbox 1374 1885 1565 1941; x_wconf 86' lang='lat' dir='ltr'><strong>portam</strong></span> <span class='ocrx_word' id='word_1_151' title='bbox 1583 1876 1633 1922; x_wconf 90' lang='lat' dir='ltr'><strong>in</strong></span> <span class='ocrx_word' id='word_1_152' title='bbox 1656 1892 1751 1940; x_wconf 87' lang='lat' dir='ltr'><strong>qua</strong></span> <span class='ocrx_word' id='word_1_153' title='bbox 1771 1875 1963 1924; x_wconf 85' lang='lat' dir='ltr'><strong>stabant</strong></span> 
     </span>
     <span class='ocr_line' id='line_1_21' title="bbox 541 1951 1954 2016; baseline -0.001 -17"><span class='ocrx_word' id='word_1_154' title='bbox 541 1951 715 2014; x_wconf 75' lang='lat' dir='ltr'><strong>aurigae</strong></span> <span class='ocrx_word' id='word_1_155' title='bbox 737 1961 1048 1998; x_wconf 86' lang='lat' dir='ltr'><strong>accurrerunt</strong></span> <span class='ocrx_word' id='word_1_156' title='bbox 1062 1989 1073 2011; x_wconf 96' lang='lat'><strong>,</strong></span> <span class='ocrx_word' id='word_1_157' title='bbox 1097 1961 1144 1998; x_wconf 91' lang='lat' dir='ltr'><strong>et</strong></span> <span class='ocrx_word' id='word_1_158' title='bbox 1155 1961 1344 2016; x_wconf 89' lang='lat' dir='ltr'><strong>portam</strong></span> <span class='ocrx_word' id='word_1_159' title='bbox 1358 1952 1654 2013; x_wconf 87' lang='lat' dir='ltr'><strong>munientes,</strong></span> <span class='ocrx_word' id='word_1_160' title='bbox 1680 1952 1794 2000; x_wconf 78' lang='lat' dir='ltr'><strong>dato</strong></span> <span class='ocrx_word' id='word_1_161' title='bbox 1818 1951 1954 2016; x_wconf 85' lang='lat' dir='ltr'><strong>signo</strong></span> 
     </span>
     <span class='ocr_line' id='line_1_22' title="bbox 541 2026 1964 2092; baseline -0.001 -18"><span class='ocrx_word' id='word_1_162' title='bbox 541 2028 643 2075; x_wconf 90' lang='lat' dir='ltr'><strong>aliis</strong></span> <span class='ocrx_word' id='word_1_163' title='bbox 664 2029 714 2074; x_wconf 92' lang='lat' dir='ltr'><strong>in</strong></span> <span class='ocrx_word' id='word_1_164' title='bbox 734 2028 886 2075; x_wconf 87' lang='lat' dir='ltr'><strong>multo</strong></span> <span class='ocrx_word' id='word_1_165' title='bbox 910 2028 1091 2092; x_wconf 89' lang='lat' dir='ltr'><strong>majore</strong></span> <span class='ocrx_word' id='word_1_166' title='bbox 1106 2044 1309 2076; x_wconf 87' lang='lat' dir='ltr'><strong>numero</strong></span> <span class='ocrx_word' id='word_1_167' title='bbox 1325 2028 1733 2076; x_wconf 89' lang='lat' dir='ltr'><strong>commilitonibus</strong></span> <span class='ocrx_word' id='word_1_168' title='bbox 1746 2028 1860 2089; x_wconf 91' lang='lat' dir='ltr'><strong>suis,</strong></span> <span class='ocrx_word' id='word_1_169' title='bbox 1880 2026 1964 2091; x_wconf 91' lang='lat' dir='ltr'><strong>qui</strong></span> 
     </span>
     <span class='ocr_line' id='line_1_23' title="bbox 542 2104 1957 2170; baseline -0.001 -18"><span class='ocrx_word' id='word_1_170' title='bbox 542 2104 688 2170; x_wconf 90' lang='lat' dir='ltr'><strong>paulo</strong></span> <span class='ocrx_word' id='word_1_171' title='bbox 706 2104 958 2152; x_wconf 86' lang='lat' dir='ltr'><strong>distantius</strong></span> <span class='ocrx_word' id='word_1_172' title='bbox 975 2106 1024 2152; x_wconf 92' lang='lat' dir='ltr'><strong>in</strong></span> <span class='ocrx_word' id='word_1_173' title='bbox 1047 2104 1240 2153; x_wconf 91' lang='lat' dir='ltr'><strong>latebris</strong></span> <span class='ocrx_word' id='word_1_174' title='bbox 1255 2105 1545 2170; x_wconf 90' lang='lat' dir='ltr'><strong>quibusdam</strong></span> <span class='ocrx_word' id='word_1_175' title='bbox 1563 2123 1613 2153; x_wconf 93' lang='lat' dir='ltr'><strong>se</strong></span> <span class='ocrx_word' id='word_1_176' title='bbox 1632 2105 1957 2163; x_wconf 87' lang='lat' dir='ltr'><strong>occuluerant,</strong></span> 
     </span>
     <span class='ocr_line' id='line_1_24' title="bbox 543 2182 1965 2249; baseline 0.001 -20"><span class='ocrx_word' id='word_1_177' title='bbox 543 2199 626 2230; x_wconf 89' lang='lat' dir='ltr'><strong>eos</strong></span> <span class='ocrx_word' id='word_1_178' title='bbox 655 2182 878 2247; x_wconf 86' lang='lat' dir='ltr'><strong>clangore</strong></span> <span class='ocrx_word' id='word_1_179' title='bbox 910 2182 1036 2230; x_wconf 85' lang='lat' dir='ltr'><strong>tubae</strong></span> <span class='ocrx_word' id='word_1_180' title='bbox 1059 2183 1400 2244; x_wconf 69' lang='lat' dir='ltr'><strong>accersierunt,</strong></span> <span class='ocrx_word' id='word_1_181' title='bbox 1420 2184 1502 2247; x_wconf 92' lang='lat' dir='ltr'><strong>qui</strong></span> <span class='ocrx_word' id='word_1_182' title='bbox 1530 2183 1744 2231; x_wconf 90' lang='lat' dir='ltr'><strong>similiter</strong></span> <span class='ocrx_word' id='word_1_183' title='bbox 1763 2192 1816 2230; x_wconf 87' lang='lat' dir='ltr'><strong>ut</strong></span> <span class='ocrx_word' id='word_1_184' title='bbox 1833 2182 1965 2249; x_wconf 89' lang='lat' dir='ltr'><strong>prio-</strong></span> 
     </span>
     <span class='ocr_line' id='line_1_25' title="bbox 544 2260 1964 2328; baseline 0.003 -21"><span class='ocrx_word' id='word_1_185' title='bbox 544 2277 619 2308; x_wconf 91' lang='lat' dir='ltr'><strong>res</strong></span> <span class='ocrx_word' id='word_1_186' title='bbox 648 2277 859 2326; x_wconf 88' lang='lat' dir='ltr'><strong>propero</strong></span> <span class='ocrx_word' id='word_1_187' title='bbox 884 2278 1026 2308; x_wconf 86' lang='lat' dir='ltr'><strong>cursu</strong></span> <span class='ocrx_word' id='word_1_188' title='bbox 1050 2261 1391 2323; x_wconf 88' lang='lat' dir='ltr'><strong>adventantes,</strong></span> <span class='ocrx_word' id='word_1_189' title='bbox 1424 2261 1606 2325; x_wconf 90' lang='lat' dir='ltr'><strong>equites</strong></span> <span class='ocrx_word' id='word_1_190' title='bbox 1633 2260 1775 2308; x_wconf 88' lang='lat' dir='ltr'><strong>simul</strong></span> <span class='ocrx_word' id='word_1_191' title='bbox 1808 2271 1855 2309; x_wconf 90' lang='lat' dir='ltr'><strong>et</strong></span> <span class='ocrx_word' id='word_1_192' title='bbox 1882 2279 1964 2328; x_wconf 90' lang='lat' dir='ltr'><strong>pe-</strong></span> 
     </span>
    </p>
   </div>
   <div class='ocr_carea' id='block_1_3' title="bbox 538 2401 1968 2872">
    <p class='ocr_par' dir='ltr' id='par_1_3' title="bbox 538 2401 1968 2872">
     <span class='ocr_line' id='line_1_26' title="bbox 597 2401 1967 2455; baseline 0.005 -17"><span class='ocrx_word' id='word_1_193' title='bbox 597 2403 636 2441; x_wconf 87' lang='lat'><strong>1.</strong></span> <span class='ocrx_word' id='word_1_194' title='bbox 666 2401 813 2440; x_wconf 88' lang='lat' dir='ltr'><strong>Robert</strong></span> <span class='ocrx_word' id='word_1_195' title='bbox 837 2402 998 2441; x_wconf 89' lang='lat' dir='ltr'><strong>Blondel</strong></span> <span class='ocrx_word' id='word_1_196' title='bbox 1030 2415 1185 2441; x_wconf 92' lang='lat' dir='ltr'><strong>nomme</strong></span> <span class='ocrx_word' id='word_1_197' title='bbox 1211 2404 1311 2442; x_wconf 89' lang='lat' dir='ltr'><strong>celui</strong></span> <span class='ocrx_word' id='word_1_198' title='bbox 1335 2403 1402 2455; x_wconf 89' lang='lat' dir='ltr'><strong>qui</strong></span> <span class='ocrx_word' id='word_1_199' title='bbox 1431 2403 1646 2443; x_wconf 88' lang='lat' dir='ltr'><strong>conduisait</strong></span> <span class='ocrx_word' id='word_1_200' title='bbox 1674 2404 1710 2444; x_wconf 89' lang='lat' dir='ltr'><strong>le</strong></span> <span class='ocrx_word' id='word_1_201' title='bbox 1735 2405 1896 2455; x_wconf 84' lang='lat' dir='ltr'><strong>convoi,</strong></span> <span class='ocrx_word' id='word_1_202' title='bbox 1927 2413 1967 2445; x_wconf 81' lang='lat' dir='ltr'><strong>et</strong></span> 
     </span>
     <span class='ocr_line' id='line_1_27' title="bbox 541 2461 1968 2516; baseline 0.004 -17"><span class='ocrx_word' id='word_1_203' title='bbox 541 2461 669 2510; x_wconf 87' lang='lat' dir='ltr'><strong>ajoute</strong></span> <span class='ocrx_word' id='word_1_204' title='bbox 687 2462 782 2513; x_wconf 89' lang='lat' dir='ltr'><strong>qu’il</strong></span> <span class='ocrx_word' id='word_1_205' title='bbox 805 2462 909 2500; x_wconf 90' lang='lat' dir='ltr'><strong>avait</strong></span> <span class='ocrx_word' id='word_1_206' title='bbox 926 2463 1102 2514; x_wconf 76' lang='lat' dir='ltr'><strong>prevenu</strong></span> <span class='ocrx_word' id='word_1_207' title='bbox 1122 2464 1143 2500; x_wconf 77' lang='lat' dir='ltr'><strong>a</strong></span> <span class='ocrx_word' id='word_1_208' title='bbox 1161 2462 1334 2501; x_wconf 87' lang='lat' dir='ltr'><strong>l&#39;avance</strong></span> <span class='ocrx_word' id='word_1_209' title='bbox 1350 2464 1386 2502; x_wconf 85' lang='lat' dir='ltr'><strong>le</strong></span> <span class='ocrx_word' id='word_1_210' title='bbox 1406 2464 1552 2515; x_wconf 88' lang='lat' dir='ltr'><strong>portier</strong></span> <span class='ocrx_word' id='word_1_211' title='bbox 1576 2478 1584 2500; x_wconf 90' lang='lat'><strong>:</strong></span> <span class='ocrx_word' id='word_1_212' title='bbox 1612 2482 1628 2497; x_wconf 91' lang='lat'>«</span> <span class='ocrx_word' id='word_1_213' title='bbox 1645 2464 1804 2516; x_wconf 89' lang='lat' dir='ltr'><strong>quidam</strong></span> <span class='ocrx_word' id='word_1_214' title='bbox 1823 2476 1968 2504; x_wconf 81' lang='lat' dir='ltr'><strong>meroa-</strong></span> 
     </span>
     <span class='ocr_line' id='line_1_28' title="bbox 542 2519 1967 2577; baseline 0.001 -18"><span class='ocrx_word' id='word_1_215' title='bbox 542 2530 602 2560; x_wconf 68' lang='grc' dir='ltr'><strong>ιον</strong></span> <span class='ocrx_word' id='word_1_216' title='bbox 629 2522 864 2561; x_wconf 82' lang='lat' dir='ltr'><strong>Guinermus</strong></span> <span class='ocrx_word' id='word_1_217' title='bbox 886 2526 1005 2570; x_wconf 86' lang='lat' dir='ltr'><strong>Hoel‚</strong></span> <span class='ocrx_word' id='word_1_218' title='bbox 1032 2523 1240 2562; x_wconf 85' lang='lat' dir='ltr'><strong>Locoveris</strong></span> <span class='ocrx_word' id='word_1_219' title='bbox 1272 2519 1485 2571; x_wconf 81' lang='lat' dir='ltr'><strong>oriun&#39;dus,</strong></span> <span class='ocrx_word' id='word_1_220' title='bbox 1513 2523 1575 2562; x_wconf 90' lang='lat' dir='ltr'><strong>vir</strong></span> <span class='ocrx_word' id='word_1_221' title='bbox 1604 2524 1769 2577; x_wconf 88' lang='lat' dir='ltr'><strong>ingentis</strong></span> <span class='ocrx_word' id='word_1_222' title='bbox 1797 2523 1967 2563; x_wconf 75' lang='lat' dir='ltr'><strong>audaciae</strong></span> 
     </span>
     <span class='ocr_line' id='line_1_29' title="bbox 542 2581 1968 2635; baseline 0.001 -16"><span class='ocrx_word' id='word_1_223' title='bbox 542 2590 579 2619; x_wconf 88' lang='lat' dir='ltr'><strong>et</strong></span> <span class='ocrx_word' id='word_1_224' title='bbox 614 2582 720 2620; x_wconf 88' lang='lat' dir='ltr'><strong>mirae</strong></span> <span class='ocrx_word' id='word_1_225' title='bbox 753 2581 900 2620; x_wconf 85' lang='lat' dir='ltr'><strong>astutiae</strong></span> <span class='ocrx_word' id='word_1_226' title='bbox 918 2611 929 2630; x_wconf 91' lang='lat'>‚</span> <span class='ocrx_word' id='word_1_227' title='bbox 967 2596 1015 2620; x_wconf 89' lang='lat' dir='ltr'><strong>ex</strong></span> <span class='ocrx_word' id='word_1_228' title='bbox 1047 2581 1162 2620; x_wconf 88' lang='lat' dir='ltr'><strong>rebus</strong></span> <span class='ocrx_word' id='word_1_229' title='bbox 1197 2595 1293 2633; x_wconf 85' lang='lat' dir='ltr'><strong>quas</strong></span> <span class='ocrx_word' id='word_1_230' title='bbox 1335 2583 1619 2635; x_wconf 80' lang='lat' dir='ltr'><strong>Rothomagum</strong></span> <span class='ocrx_word' id='word_1_231' title='bbox 1655 2583 1799 2623; x_wconf 84' lang='lat' dir='ltr'><strong>ducere</strong></span> <span class='ocrx_word' id='word_1_232' title='bbox 1835 2582 1968 2622; x_wconf 82' lang='lat' dir='ltr'><strong>solitus</strong></span> 
     </span>
     <span class='ocr_line' id='line_1_30' title="bbox 543 2641 1966 2694; baseline 0.001 -14"><span class='ocrx_word' id='word_1_233' title='bbox 543 2651 647 2690; x_wconf 85' lang='lat' dir='ltr'><strong>erat,</strong></span> <span class='ocrx_word' id='word_1_234' title='bbox 669 2642 897 2694; x_wconf 85' lang='lat' dir='ltr'><strong>quadrigam</strong></span> <span class='ocrx_word' id='word_1_235' title='bbox 920 2651 1055 2681; x_wconf 89' lang='lat' dir='ltr'><strong>onerat</strong></span> <span class='ocrx_word' id='word_1_236' title='bbox 1090 2651 1128 2680; x_wconf 87' lang='lat' dir='ltr'><strong>et</strong></span> <span class='ocrx_word' id='word_1_237' title='bbox 1155 2656 1226 2694; x_wconf 87' lang='lat' dir='ltr'><strong>per</strong></span> <span class='ocrx_word' id='word_1_238' title='bbox 1257 2644 1546 2684; x_wconf 86' lang='lat' dir='ltr'><strong>Pontis-Arcam</strong></span> <span class='ocrx_word' id='word_1_239' title='bbox 1572 2653 1832 2694; x_wconf 84' lang='lat' dir='ltr'><strong>transmeans,</strong></span> <span class='ocrx_word' id='word_1_240' title='bbox 1853 2641 1966 2683; x_wconf 77' lang='lat' dir='ltr'><strong>castri</strong></span> 
     </span>
     <span class='ocr_line' id='line_1_31' title="bbox 538 2700 1968 2753; baseline 0.001 -14"><span class='ocrx_word' id='word_1_241' title='bbox 538 2701 744 2747; x_wconf 84' lang='lat' dir='ltr'><strong>janitorem</strong></span> <span class='ocrx_word' id='word_1_242' title='bbox 768 2702 946 2741; x_wconf 85' lang='lat' dir='ltr'><strong>attentius</strong></span> <span class='ocrx_word' id='word_1_243' title='bbox 966 2700 1058 2740; x_wconf 80' lang='lat' dir='ltr'><strong>‘orat</strong></span> <span class='ocrx_word' id='word_1_244' title='bbox 1085 2710 1127 2740; x_wconf 88' lang='lat' dir='ltr'><strong>ut</strong></span> <span class='ocrx_word' id='word_1_245' title='bbox 1156 2716 1262 2751; x_wconf 83' lang='lat' dir='ltr'><strong>cras,</strong></span> <span class='ocrx_word' id='word_1_246' title='bbox 1292 2716 1444 2742; x_wconf 88' lang='lat' dir='ltr'><strong>summo</strong></span> <span class='ocrx_word' id='word_1_247' title='bbox 1466 2717 1600 2753; x_wconf 90' lang='lat' dir='ltr'><strong>mane,</strong></span> <span class='ocrx_word' id='word_1_248' title='bbox 1620 2705 1715 2743; x_wconf 88' lang='lat' dir='ltr'><strong>alias</strong></span> <span class='ocrx_word' id='word_1_249' title='bbox 1733 2711 1968 2743; x_wconf 79' lang='lat' dir='ltr'><strong>mercaturas</strong></span> 
     </span>
     <span class='ocr_line' id='line_1_32' title="bbox 543 2762 1967 2817; baseline 0.001 -18"><span class='ocrx_word' id='word_1_250' title='bbox 543 2763 751 2800; x_wconf 88' lang='lat' dir='ltr'><strong>Locoveris</strong></span> <span class='ocrx_word' id='word_1_251' title='bbox 783 2762 986 2813; x_wconf 84' lang='lat' dir='ltr'><strong>quaesitum</strong></span> <span class='ocrx_word' id='word_1_252' title='bbox 1016 2771 1245 2814; x_wconf 84' lang='lat' dir='ltr'><strong>reparaturo</strong></span> <span class='ocrx_word' id='word_1_253' title='bbox 1274 2772 1425 2815; x_wconf 88' lang='lat' dir='ltr'><strong>portam</strong></span> <span class='ocrx_word' id='word_1_254' title='bbox 1446 2765 1646 2817; x_wconf 82' lang='lat' dir='ltr'><strong>aperiat.»</strong></span> <span class='ocrx_word' id='word_1_255' title='bbox 1677 2767 1844 2803; x_wconf 82' lang='lat' dir='ltr'><strong>Assertio</strong></span> <span class='ocrx_word' id='word_1_256' title='bbox 1865 2765 1967 2803; x_wconf 86' lang='lat' dir='ltr'><strong>Nor-</strong></span> 
     </span>
     <span class='ocr_line' id='line_1_33' title="bbox 541 2823 987 2872; baseline 0.004 -13"><span class='ocrx_word' id='word_1_257' title='bbox 541 2828 722 2872; x_wconf 77' lang='lat' dir='ltr'><strong>mcmniae,</strong></span> <span class='ocrx_word' id='word_1_258' title='bbox 744 2823 771 2862; x_wconf 92' lang='lat' dir='ltr'><strong>l.</strong></span> <span class='ocrx_word' id='word_1_259' title='bbox 796 2826 838 2872; x_wconf 92' lang='lat'><strong>1,</strong></span> <span class='ocrx_word' id='word_1_260' title='bbox 859 2837 893 2861; x_wconf 92' lang='lat' dir='ltr'><strong>c.</strong></span> <span class='ocrx_word' id='word_1_261' title='bbox 915 2837 987 2862; x_wconf 87' lang='lat' dir='ltr'><strong>vn.</strong></span> 
     </span>
    </p>
   </div>
   <div class='ocr_carea' id='block_1_4' title="bbox 596 2883 1643 2937">
    <p class='ocr_par' dir='ltr' id='par_1_4' title="bbox 596 2883 1643 2937">
     <span class='ocr_line' id='line_1_34' title="bbox 596 2883 1643 2937; baseline 0.005 -17"><span class='ocrx_word' id='word_1_262' title='bbox 596 2884 634 2919; x_wconf 78' lang='lat'><strong>2.</strong></span> <span class='ocrx_word' id='word_1_263' title='bbox 667 2886 776 2922; x_wconf 83' lang='lat' dir='ltr'><strong>Sorte</strong></span> <span class='ocrx_word' id='word_1_264' title='bbox 795 2883 844 2922; x_wconf 90' lang='lat' dir='ltr'><strong>de</strong></span> <span class='ocrx_word' id='word_1_265' title='bbox 863 2883 1068 2923; x_wconf 73' lang='lat' dir='ltr'><strong>limousine</strong></span> <span class='ocrx_word' id='word_1_266' title='bbox 1085 2897 1161 2935; x_wconf 86' lang='lat' dir='ltr'><strong>que</strong></span> <span class='ocrx_word' id='word_1_267' title='bbox 1180 2884 1372 2937; x_wconf 86' lang='lat' dir='ltr'><strong>portaient</strong></span> <span class='ocrx_word' id='word_1_268' title='bbox 1393 2884 1447 2924; x_wconf 86' lang='lat' dir='ltr'><strong>les</strong></span> <span class='ocrx_word' id='word_1_269' title='bbox 1465 2897 1643 2937; x_wconf 83' lang='lat' dir='ltr'><strong>paysans.</strong></span> 
     </span>
    </p>
   </div>
  </div>
 </body>
</html>
