2086 3528
556 395 605 432 60
934 392 1278 431 HISTORIARUM
1305 394 1487 432 CAROLI
1513 394 1584 430 VII

557 477 860 543 propositum
888 484 935 522 et
961 476 1296 538 constitutum,
1322 494 1419 542 quo
1450 475 1761 542 procliviores
1793 463 1964 525 milites

556 555 816 618 Anglorum
848 552 909 600 ad
939 554 1332 617 exstinguendum
1367 554 1480 602 illud
1516 554 1791 620 pestiferum
1818 555 1964 603 latro-

554 650 671 680 num
711 648 858 696 genus
891 631 1225 693 redderentur,
1264 633 1368 688 cui,
1406 649 1540 680 more
1577 632 1756 698 hydrae,
1785 631 1846 681 de
1867 642 1964 698 qua

554 719 705 775 poetae
723 710 850 756 velut
874 718 1091 773 serpente
1113 707 1324 773 quodam
1345 710 1493 757 locuti
1516 721 1643 771 sunt,
1663 727 1763 758 uno
1779 711 1963 759 succiso

554 787 724 851 capite,
752 787 842 833 tria
876 802 1063 851 semper
1097 786 1280 833 renasci
1301 785 1599 835 videbantur.
1628 791 1862 835 Feruntur
1884 779 1965 841 ali‘-‚

553 864 749 928 quando
774 865 823 911 in
849 880 979 911 anno
1003 881 1101 911 uno
1124 864 1173 911 in
1199 865 1506 923 Normannia,
1532 866 1673 913 variis
1697 866 1746 913 in
1769 865 1886 912 loeis
1909 881 1965 914 ac

549 942 768 1007 judicum
802 932 1142 1000 tribunalibus,
1171 950 1269 988 tam
1295 941 1355 988 de
1377 942 1490 1006 ipsis
1515 959 1659 1007 quam
1685 943 1746 990 de
1779 947 1967 990 eorum'·

555 1022 665 1069 dem
700 1020 1097 1086 receptatoribus,
1136 1019 1310 1084 quibus
1340 1037 1442 1068 non
1479 1020 1702 1069 dissimile
1729 1021 1965 1086 judicium

555 1098 861 1155 reddebatur,
889 1097 1083 1163 publico
1096 1097 1301 1161 judicio,
1335 1099 1409 1145 vel
1432 1099 1584 1164 capite
1603 1098 1728 1163 plexi
1751 1098 1826 1146 vel
1849 1088 1967 1165 pati}

554 1177 677 1224 bulis
699 1175 824 1223 affixi
855 1176 978 1222 ultra
1010 1175 1175 1234 decem
1214 1175 1377 1223 millia.
1412 1177 1531 1223 Sciri
1559 1177 1688 1223 enim
1711 1175 1806 1224 hoc
1829 1176 1965 1225 facile

554 1263 741 1320 poterat
772 1270 829 1300 ex
862 1253 1064 1319 publicis
1094 1254 1366 1312 ratiociniis,
1399 1271 1527 1311 cum,
1553 1263 1607 1301 ut
1635 1255 1961 1321 praemisimus,

555 1349 609 1379 ex
634 1332 786 1397 capite
809 1330 1058 1395 cujuslibet
1084 1331 1144 1378 ad
1171 1331 1383 1395 judicem
1415 1331 1628 1389 adducti,
1659 1332 1731 1379 vel
1753 1332 1894 1380 etiam
1915 1322 1964 1382 in

554 1409 890 1474 prosecutione
920 1410 1175 1474 perempti,
1202 1408 1449 1473 praemium
1483 1409 1783 1474 propositum
1811 1407 1966 1456 exsol-

553 1495 760 1534 veretur.
789 1490 844 1533 Et
864 1496 1024 1533 tamen
1046 1503 1135 1533 nec
1158 1486 1238 1532 tali
1266 1486 1508 1549 diligentia
1536 1495 1677 1551 atque
1695 1501 1808 1533 cura
1830 1485 1967 1534 reddi

553 1565 708 1631 potuit
737 1563 798 1611 ab
826 1564 903 1611 illa
937 1574 1068 1629 peste
1090 1565 1242 1629 patria
1275 1564 1423 1611 libera
1454 1574 1500 1612 et
1533 1564 1785 1624 immunis,
1811 1563 1968 1611 donec
2044 1624 2047 1625 ⁷

553 1643 732 1690 ditione
757 1659 811 1689 ac
839 1652 1072 1707 potestate
1093 1642 1351 1706 Anglorum
1381 1652 1536 1704 eruta,
1564 1641 1653 1690 sub
1675 1645 1966 1689 Francorum

478 1752 481 1753 ν
555 1720 770 1768 naturale
792 1730 928 1768 terrae
950 1721 1204 1786 imperium
1227 1721 1440 1767 restituta
1462 1720 1617 1767 fuerit.

617 1797 805 1844 Talibus
828 1798 968 1862 igitur
990 1797 1142 1859 malis,
1166 1797 1283 1844 dum
1303 1798 1550 1862 utriusque
1566 1797 1773 1863 partium
1783 1796 1966 1863 'capita-

554 1877 629 1922 nei
655 1885 701 1922 et·
723 1876 908 1934 armati,
931 1875 1006 1922 vel
1033 1885 1137 1922 astu
1153 1913 1164 1934 ‚
1190 1875 1266 1922 vel
1289 1874 1421 1937 dolo,
1450 1892 1532 1922 seu
1559 1892 1644 1940 per
1667 1875 1862 1922 insidias
1886 1882 1966 1922 aut

553 1954 837 2001 tradimenta
873 1963 919 2000 et
958 1953 1284 2018 proditiones,
1317 1953 1511 2000 diversae
1543 1953 1689 2019 partis
1726 1952 1960 2013 civitates,

553 2031 731 2096 oppida
764 2041 811 2078 et
841 2031 1131 2078 munitiones
1151 2069 1161 2088 ‚
1196 2031 1355 2096 potius
1378 2047 1525 2095 quam
1550 2031 1692 2078 armis
1721 2039 1767 2076 et
1795 2028 1965 2078 bellica

553 2109 847 2169 fortitudine,
875 2109 1062 2173 quoties
1084 2119 1293 2174 possent,
1321 2108 1567 2156 studerent
1589 2108 1834 2172 acquirere
1852 2105 1960 2167 sibi,

553 2204 690 2252 agros
721 2188 968 2252 populare,
1003 2187 1201 2233 colonos
1238 2186 1476 2234 abducere
1505 2195 1551 2233 et
1585 2183 1870 2232 cruciatibus
1889 2184 1964 2231 vel

555 2282 724 2314 necare
752 2265 826 2311 vel
854 2264 1083 2328 affligere3
1110 2264 1228 2311 dum
1252 2265 1394 2312 etiam
1413 2265 1496 2328 qui
1516 2262 1737 2328 Brigandi
1759 2261 1963 2328 appella-

553 2344 743 2403 bantur,
767 2342 882 2390 nulli
902 2359 1126 2406 agrorum
1148 2342 1316 2389 cultori
1343 2343 1415 2389 vel
1434 2342 1566 2390 alteri
1588 2342 1795 2406 quietem
1818 2339 1962 2388 ullam

555 2421 881 2488 permitterent
900 2458 912 2480 ,
936 2421 1155 2468 effectum
1169 2430 1255 2481 est,
1276 2420 1419 2484 longo
1443 2420 1670 2486 temporis
1691 2418 1957 2482 intervallo,

556 2509 607 2547 ut
629 2500 817 2547 vastitas
840 2498 935 2558 illa,
965 2509 1011 2545 et
1044 2499 1249 2546 desertio
1277 2498 1517 2546 horrenda
1541 2508 1779 2545 tantarum
1806 2498 1961 2562 regio·

555 2594 689 2636 num,
709 2577 826 2623 sicut
843 2576 941 2640 jam
965 2576 1281 2640 praediximus,
1308 2585 1602 2641 sequeretur.
1630 2574 1758 2634 Quid
1780 2574 1958 2622 cladem

555 2654 755 2703 referam
779 2652 995 2701 Carnoti!
1026 2654 1142 2718 quid
1175 2653 1499 2702 Cenomanni!
1532 2652 1648 2718 quid
1685 2652 1955 2714 Pontisarae,

554 2732 855 2796 insignissimi
877 2731 1122 2796 quondam
1136 2742 1278 2796 atque
1293 2731 1612 2779 florentissimi
1626 2730 1816 2797 oppidil
1844 2729 1960 2795 quid

557 2811 756 2858 Senonis
774 2849 786 2873 ,
814 2810 929 2875 quid
956 2809 1167 2857 Ebroicis
1190 2811 1461 2870 civitatum,
1493 2819 1540 2857 et
1566 2809 1767 2857 aliorum
1793 2823 1959 2874 quam-

556 2890 1065 2955 plurimumtlocorum‚
1093 2905 1219 2953 quae,
1238 2906 1324 2955 per
1350 2888 1542 2938 insidias
1562 2899 1642 2938 aut
1663 2886 1956 2954 proditiones
