2086 3528
760 307 909 347 LIBER
938 309 1139 349 PRIMUS.
1643 313 1666 349 7

240 395 462 460 injuriam
492 402 647 441 morte
677 393 824 459 ipsius
856 392 1111 441 facinorosi
1145 393 1329 441 ulturus
1357 404 1494 441 esset.
1522 394 1665 452 Quod

240 483 287 521 et
322 481 512 538 postea,
539 471 658 519 dum
681 471 782 535 jam
813 479 948 537 pater
979 488 1093 519 suus
1126 470 1347 531 obiisset,
1373 481 1422 519 et
1441 481 1668 537 paterno-

239 567 349 598 rum
369 549 698 598 dominiorum
717 549 1065 597 administratio
1088 549 1248 596 omnis
1271 549 1362 597 sibi
1385 549 1667 598 confirmata

236 638 388 690 esset,
416 643 562 694 opere
579 636 629 674 et
648 626 776 674 facto
801 625 1068 692 adimplere
1089 627 1289 674 curavit.

723 840 1066 886 CAPITULUM
1101 840 1182 885 111.

239 978 327 1024 Quae
353 976 480 1013 callide
495 976 516 1011 J
518 988 670 1023 oannes,
696 975 770 1011 dux
794 974 1093 1024 Burgundionum
1105 1001 1114 1019 ,
1131 982 1328 1022 praeparata
1342 974 1445 1022 fecit,
1462 975 1668 1023 priusquam

379 1039 663 1089 peremptionem
683 1039 947 1075 Aurelianensis
962 1038 1064 1074 ducis
1081 1037 1299 1073 exsecutioni
1314 1036 1510 1072 mandaret.

304 1163 589 1227 Priusquam
622 1178 738 1209 vero
778 1161 1041 1209 vindictam
1074 1158 1412 1223 hujuscemodi
1452 1175 1508 1207 ac
1552 1161 1671 1207 tanti

237 1241 465 1306 principis
488 1240 667 1288 caedem
691 1239 886 1304 exsequi
915 1238 1219 1296 decerneret,
1245 1237 1328 1302 qui
1357 1237 1480 1302 regis
1500 1237 1671 1285 unicus

237 1335 493 1382 germanus
508 1329 556 1366 et
575 1319 693 1383 ejus,
712 1327 764 1365 ut
774 1318 875 1382 jam
893 1316 1117 1375 diximus,
1131 1315 1352 1375 amentis,
1370 1315 1418 1362 in
1436 1315 1669 1379 regalium

237 1382 618 1462 dispensatione,
646 1397 852 1444 maxime
886 1404 992 1442 tum
1029 1411 1126 1460 prae
1151 1394 1330 1441 caeteris
1367 1394 1670 1459 principibus

238 1475 519 1522 auctoritate
543 1473 859 1540 praecellebat,
889 1473 982 1521 hac
999 1472 1185 1521 cautela
1201 1489 1315 1519 usus
1334 1471 1477 1519 fuisse
1500 1471 1665 1520 fertur.

238 1556 495 1616 Postquam
515 1553 645 1600 enim
661 1553 786 1618 patri
806 1567 894 1599 suo
911 1550 1134 1616 Philippo
1158 1549 1404 1613 exsequias
1427 1559 1474 1596 et
1493 1549 1668 1597 solem-

235 1631 316 1678 nia
337 1647 392 1678 ex
406 1646 543 1678 more
566 1630 898 1696 persolvisset,
919 1629 1067 1694 ipsius
1083 1628 1382 1676 consiliarios
1401 1627 1668 1693 praecipuos

235 1709 496 1769 accersivit,
516 1708 773 1772 consilium
797 1708 1091 1774 deposcenS,
1112 1717 1349 1771 quatenus
1369 1706 1413 1754 ei
1430 1707 1666 1772 aptiorem

235 1787 439 1836 modum
469 1782 740 1848 edicerent,
776 1803 874 1852 quo
903 1802 999 1834 suae
1027 1785 1290 1833 voluntatis
1323 1784 1572 1832 decretum
1605 1785 1668 1833 de

235 1866 416 1932 praefati
449 1866 680 1931 principis
709 1865 1070 1931 peremptione,
1096 1879 1292 1928 quoque
1322 1861 1590 1910 minoribus
1617 1880 1668 1911 se

235 1946 557 1993 committeret
590 1945 838 2011 periculis,
878 1943 1068 1992 effectui
1110 1942 1342 1990 mandare
1378 1952 1556 2008 posset.
1597 1942 1667 1990 llli

236 2033 398 2072 autem
415 2039 526 2071 cum
542 2023 761 2089 adprime
779 2022 989 2070 exterriti
1010 2022 1072 2070 de
1093 2031 1193 2068 tam
1215 2021 1396 2068 nefaria
1417 2030 1464 2068 et
1485 2020 1669 2086 pericu-

236 2101 339 2150 losa
359 2102 628 2164 voluntate,
655 2101 717 2150 ab
749 2117 805 2150 ea
839 2100 1066 2149 eumdem
1088 2099 1337 2148 dimovere
1370 2109 1419 2160 et
1441 2115 1668 2146 revocare

238 2181 354 2229 eniti
389 2190 679 2245 satagerent,
715 2180 778 2229 ab
812 2179 1009 2238 eodem,
1041 2178 1132 2226 sub
1166 2179 1275 2225 vitae
1305 2195 1401 2225 suae
1426 2178 1663 2243 periculo,

238 2260 533 2307 interminati
555 2269 666 2307 sunt
687 2269 741 2307 ut
764 2260 1052 2324 quantocius
1065 2296 1077 2309 .
1103 2257 1238 2323 quod
1256 2257 1509 2323 poscebat,
1530 2272 1669 2304 cura-

241 2347 346 2385 rent
367 2336 597 2404 perficere
633 2355 643 2384 :
678 2337 866 2385 dicente
898 2354 999 2384 non
1036 2353 1086 2384 se
1116 2335 1178 2384 ab
1208 2337 1276 2383 eis
1305 2335 1582 2383 facturusne
1616 2335 1666 2381 id

240 2425 384 2475 esset,
405 2415 661 2463 consilium
679 2424 921 2481 expetere,
944 2415 1078 2480 quod
1095 2412 1447 2480 perficiendum
1466 2413 1668 2460 omnino

242 2495 502 2556 statuisset3
526 2495 612 2544 sed
634 2506 710 2555 ut,
738 2512 833 2559 qua
854 2495 931 2543 via
946 2504 993 2543 et
1016 2495 1228 2542 cautiore
1250 2493 1577 2559 potissimum,
1595 2493 1670 2539 in-

244 2571 475 2619 dicarent.
500 2573 572 2620 Ad
594 2573 751 2638 quod,
769 2583 820 2620 ut
836 2573 1100 2621 consultius
1115 2583 1162 2620 et
1176 2573 1278 2620 sine
1296 2571 1669 2638 praecipitatione

243 2665 349 2714 quae
383 2649 433 2695 in
465 2650 650 2712 arduis,
688 2667 801 2698 cum
837 2668 981 2717 super
1011 2652 1080 2699 eis
1112 2649 1464 2698 consulendum
1500 2648 1666 2706 fuerit,

245 2728 480 2792 praecipue
504 2729 669 2778 obesse
691 2730 835 2790 solet,
856 2730 1107 2778 intendere
1130 2746 1187 2778 ac
1209 2727 1430 2776 meditari
1454 2736 1665 2791 possent,

247 2805 463 2853 inducias
486 2806 630 2854 tridui
652 2808 970 2872 postularunt.
1037 2796 1040 2798 ‚
