2086 3528
730 344 882 383 LIBER
906 344 1128 384 TERTIUS.
1552 347 1632 386 133

206 428 364 476 minus
381 427 443 476 de
467 426 672 488 Talebot,
699 443 862 475 comes
884 426 1337 484 Cherosberiensis¹.
1357 426 1503 486 Quod
1520 445 1630 477 cum

205 509 327 557 tueri
348 509 672 574 retinereque,
698 509 739 556 si
771 518 992 574 possent,
1023 509 1163 557 valde
1187 518 1408 576 optarent
1431 511 1599 558 Franci
1623 548 1638 574 ,

205 603 264 636 eo
284 588 420 653 quod
443 587 506 636 ad
524 587 871 635 coarctandum
894 587 1251 653 Rothomagum
1270 589 1379 638 satis
1402 599 1634 655 opportu-

203 685 322 716 num
353 679 496 735 atque
519 669 686 718 efficax
712 668 981 729 videbatur,
1010 669 1198 718 duabus
1220 670 1310 718 viis
1343 669 1440 717 hoc
1476 670 1631 718 facere

202 757 511 796 attentarunt.

259 829 480 882 ‚Primum
498 829 693 894 quidem
711 830 913 878 collecto
933 829 1144 896 plurimo
1162 829 1335 877 milite²
1349 830 1439 878 sub
1453 829 1633 879 ducatu

205 905 396 956 illustris
421 907 682 970 Johannis‚
712 909 901 957 comitis
925 909 1165 957 Dunensis
1183 945 1195 968 ,
1221 925 1308 974 per
1336 925 1476 973 agros
1501 908 1632 956 Cale-

203 993 362 1032 tenses
383 1002 599 1051 prorsus,
627 996 679 1034 ut
699 986 922 1046 diximuS,
949 986 1218 1052 squalentes
1241 995 1287 1033 et
1310 985 1523 1037 desertos
1547 985 1633 1033 ad-

203 1072 452 1111 moventes
489 1081 642 1129 usque
674 1081 827 1130 prope
858 1064 1121 1129 Anglorum
1151 1073 1305 1112 castra
1342 1065 1629 1127 exercitum,

203 1141 512 1206 explorarunt
533 1144 572 1190 si
601 1159 908 1208 quocumque
931 1143 1082 1191 modo
1104 1160 1161 1191 ea
1191 1143 1383 1209 aggredi
1413 1154 1461 1191 et
1482 1161 1632 1210 expu-

203 1235 348 1284 gnare
381 1232 596 1286 possent.
621 1222 767 1280 Quod
789 1239 901 1270 cum
936 1223 1038 1270 sine
1070 1222 1325 1271 manifesto
1357 1222 1632 1271 discrimine

200 1297 421 1347 viderent
440 1300 638 1347 minime
662 1299 766 1348 fieri
787 1304 927 1367 posse
957 1304 1119 1366 (erant
1137 1302 1267 1349 enim
1289 1301 1629 1364 munitissima,

204 1378 511 1442 Francosque
543 1379 749 1427 maxima
787 1378 1069 1427 victualium
1102 1380 1304 1445 penuria
1334 1379 1632 1445 perstringe-

206 1453 341 1519 bat),
368 1473 459 1522 pro
479 1456 725 1505 deditione
744 1458 913 1523 oppidi
934 1458 1076 1506 simul
1100 1458 1245 1505 etiam
1267 1468 1314 1504 et
1336 1458 1633 1505 Monasterii-

201 1533 408 1591 Villaris,
434 1534 628 1582 alterius
650 1536 795 1583 vicini
822 1536 885 1583 ad
908 1553 1112 1602 parvum
1137 1535 1341 1583 milliare
1358 1573 1370 1591 .‚
1397 1536 1532 1599 cujus
1556 1536 1632 1582 in-

201 1611 319 1660 colae
349 1611 473 1660 fame
509 1623 652 1678 atque
679 1613 839 1661 inedia
867 1612 1299 1673 consumebantur,
1336 1622 1478 1678 pacta
1518 1629 1631 1660 cum

203 1689 469 1756 Anglorum
499 1690 702 1739 ducibus
732 1691 976 1752 fecerunt,
1007 1701 1054 1738 et
1077 1691 1269 1738 concito
1300 1689 1477 1754 gradu,
1505 1689 1631 1738 fame

199 1778 511 1834 perurgente,
527 1766 599 1836 'bad
621 1786 708 1817 sua
725 1769 907 1835 oppida
933 1769 1196 1816 redierunt.

265 1845 368 1896 Alia
390 1839 554 1894 autern
584 1849 727 1895 etiam
749 1849 826 1895 via
849 1848 1143 1895 aestimarunt
1164 1863 1306 1912 posse
1330 1845 1514 1911 oppido
1540 1845 1631 1894 ob-

199 1916 328 1973 sesso
366 1924 670 1988 succurrere,
702 1943 836 1991 quae,
877 1927 964 1974 etsi
992 1926 1156 1991 quoad
1191 1925 1286 1973 hoc
1314 1926 1474 1991 ipsum
1507 1925 1629 1973 inef-

198 2005 320 2055 ficax
357 2006 523 2070 suerit,
562 2007 934 2055 fundamentum
974 2018 1133 2055 tamen
1178 2024 1235 2055 ex
1270 2005 1368 2054 hoc
1399 2024 1629 2071 magnum

196 2085 414 2149 jecerunt
429 2124 441 2148 ,
468 2087 678 2152 ipsisque
700 2086 838 2134 valde
855 2086 1033 2133 utiliter
1052 2085 1190 2132 cessit
1215 2085 1262 2131 in
1282 2101 1396 2132 usus
1413 2084 1475 2132 ad
1490 2102 1631 2132 recu-

198 2166 499 2228 perationem
515 2165 660 2212 totius
680 2165 1007 2226 Normannke,
1032 2162 1447 2228 quemadmodum
1465 2172 1631 2229 postea

200 2259 289 2290 suo
311 2242 421 2291 loco
441 2244 763 2310 opportunius
780 2253 1063 2291 retexemus.
1086 2242 1298 2290 Collecta
1313 2243 1443 2290 enim
1462 2242 1632 2290 Franci

199 2321 314 2368 satis
352 2338 610 2370 numerosa
641 2322 810 2370 militia
839 2339 898 2370 ex
918 2322 1115 2369 diversis
1147 2321 1308 2369 Galliae
1337 2321 1627 2387 provinciis,

199 2398 460 2464 praesertim
479 2398 539 2446 de
557 2399 791 2447 Vasconia
810 2409 855 2447 et
872 2400 1222 2464 Aquitanorum
1238 2397 1417 2446 finibus
1434 2436 1446 2459 ,
1474 2398 1634 2446 decre-

202 2488 377 2526 verunt
410 2477 526 2525 illud
562 2478 799 2544 oppidum
830 2478 1123 2544 appellatum
1146 2478 1426 2525 Locusveris
1446 2513 1458 2537 ,
1498 2477 1631 2541 quod

209 2556 271 2605 ab
291 2556 452 2620 Anglis
471 2555 610 2603 fuisse
629 2556 913 2604 demolitum
932 2566 1075 2622 atque
1103 2556 1318 2604 dirutum
1337 2573 1482 2622 supra
1509 2555 1630 2603 dixi-

263 2691 302 2726 1.
342 2687 465 2727 Henri
490 2688 691 2737 Beaufort,
722 2697 867 2738 comte,
908 2697 946 2728 et
977 2702 1058 2728 non
1090 2703 1158 2741 pas
1193 2702 1333 2728 encore
1371 2688 1447 2727 duc
1473 2688 1522 2725 de
1557 2689 1632 2726 So-

206 2756 376 2797 merset,
408 2755 447 2786 et
475 2746 563 2785 lord
582 2747 736 2798 Talbot,
767 2749 835 2800 qui
864 2762 915 2788 ne
943 2749 1002 2787 fut
1026 2757 1151 2803 comte
1173 2749 1222 2788 de
1241 2747 1496 2799 Shrewsbury
1516 2750 1639 2798 qu²en

205 2811 326 2857 1442,
347 2821 496 2847 comme
515 2821 567 2846 on
582 2808 635 2847 l'a
653 2808 736 2857 deja
756 2810 971 2862 remarque.

261 2871 300 2908 2.
332 2871 394 2908 Au
408 2868 506 2908 mois
525 2867 722 2908 d'octobre
740 2871 858 2909 1440.
