<?xml version="1.0" encoding="UTF-8"?>
<!DOCTYPE html PUBLIC "-//W3C//DTD XHTML 1.0 Transitional//EN"
    "http://www.w3.org/TR/xhtml1/DTD/xhtml1-transitional.dtd">
<html xmlns="http://www.w3.org/1999/xhtml" xml:lang="en" lang="en">
 <head>
  <title>
</title>
<meta http-equiv="Content-Type" content="text/html;charset=utf-8" />
  <meta name='ocr-system' content='tesseract 3.04.00' />
  <meta name='ocr-capabilities' content='ocr_page ocr_carea ocr_par ocr_line ocrx_word'/>
</head>
<body>
  <div class='ocr_page' id='page_1' title='image "./histoiredesrgn01basiuoft_0281.png"; bbox 0 0 2086 3528; ppageno 0'>
   <div class='ocr_carea' id='block_1_1' title="bbox 0 0 135 3528">
    <p class='ocr_par' dir='ltr' id='par_1_1' title="bbox 0 0 135 3528">
     <span class='ocr_line' id='line_1_1' title="bbox 0 0 135 3528; baseline 0 0"><span class='ocrx_word' id='word_1_1' title='bbox 0 0 135 3528; x_wconf 95' lang='lat' dir='ltr'><strong> </strong></span> 
     </span>
    </p>
   </div>
   <div class='ocr_carea' id='block_1_2' title="bbox 696 321 1601 366">
    <p class='ocr_par' dir='ltr' id='par_1_2' title="bbox 696 321 1601 366">
     <span class='ocr_line' id='line_1_2' title="bbox 696 321 1601 366; baseline 0.006 -6"><span class='ocrx_word' id='word_1_2' title='bbox 696 321 842 360; x_wconf 84' lang='lat' dir='ltr'>LIBER</span> <span class='ocrx_word' id='word_1_3' title='bbox 873 321 1094 362; x_wconf 84' lang='lat' dir='ltr'><strong>TERTIUS.</strong></span> <span class='ocrx_word' id='word_1_4' title='bbox 1524 328 1601 366; x_wconf 79' lang='lat'><strong>107</strong></span> 
     </span>
    </p>
   </div>
   <div class='ocr_carea' id='block_1_3' title="bbox 150 402 1604 2735">
    <p class='ocr_par' dir='ltr' id='par_1_3' title="bbox 183 402 1603 1327">
     <span class='ocr_line' id='line_1_3' title="bbox 188 402 1602 473; baseline 0.003 -21"><span class='ocrx_word' id='word_1_5' title='bbox 188 405 315 465; x_wconf 80' lang='lat' dir='ltr'><strong>cacia</strong></span> <span class='ocrx_word' id='word_1_6' title='bbox 334 414 481 470; x_wconf 84' lang='lat' dir='ltr'><strong>atque</strong></span> <span class='ocrx_word' id='word_1_7' title='bbox 505 403 636 459; x_wconf 70' lang='lat' dir='ltr'><strong>irrita</strong></span> <span class='ocrx_word' id='word_1_8' title='bbox 656 402 816 468; x_wconf 88' lang='lat' dir='ltr'><strong>potius</strong></span> <span class='ocrx_word' id='word_1_9' title='bbox 839 402 1145 453; x_wconf 82' lang='lat' dir='ltr'><strong>ducerentur.</strong></span> <span class='ocrx_word' id='word_1_10' title='bbox 1173 404 1268 455; x_wconf 74' lang='lat' dir='ltr'><strong>Sed</strong></span> <span class='ocrx_word' id='word_1_11' title='bbox 1296 421 1386 456; x_wconf 74' lang='lat' dir='ltr'><strong>nec</strong></span> <span class='ocrx_word' id='word_1_12' title='bbox 1416 405 1466 456; x_wconf 77' lang='lat' dir='ltr'><strong>iu</strong></span> <span class='ocrx_word' id='word_1_13' title='bbox 1488 407 1602 473; x_wconf 82' lang='lat' dir='ltr'><strong>ipsis</strong></span> 
     </span>
     <span class='ocr_line' id='line_1_4' title="bbox 189 479 1600 547; baseline 0 -14"><span class='ocrx_word' id='word_1_14' title='bbox 189 481 369 538; x_wconf 80' lang='lat' dir='ltr'>ordinis</span> <span class='ocrx_word' id='word_1_15' title='bbox 387 492 436 531; x_wconf 89' lang='lat' dir='ltr'><strong>et</strong></span> <span class='ocrx_word' id='word_1_16' title='bbox 451 479 790 547; x_wconf 80' lang='lat' dir='ltr'><strong>dispositionis,</strong></span> <span class='ocrx_word' id='word_1_17' title='bbox 812 497 901 530; x_wconf 88' lang='lat' dir='ltr'><strong>nec</strong></span> <span class='ocrx_word' id='word_1_18' title='bbox 926 497 1129 532; x_wconf 80' lang='lat' dir='ltr'><strong>annonae</strong></span> <span class='ocrx_word' id='word_1_19' title='bbox 1150 498 1239 530; x_wconf 90' lang='lat' dir='ltr'><strong>nec</strong></span> <span class='ocrx_word' id='word_1_20' title='bbox 1261 499 1422 534; x_wconf 82' lang='lat' dir='ltr'><strong>rerum</strong></span> <span class='ocrx_word' id='word_1_21' title='bbox 1437 500 1600 533; x_wconf 79' lang='lat' dir='ltr'><strong>neces-</strong></span> 
     </span>
     <span class='ocr_line' id='line_1_5' title="bbox 187 558 1601 626; baseline 0.003 -17"><span class='ocrx_word' id='word_1_22' title='bbox 187 561 416 616; x_wconf 77' lang='lat' dir='ltr'><strong>sariarum</strong></span> <span class='ocrx_word' id='word_1_23' title='bbox 437 560 500 610; x_wconf 86' lang='lat' dir='ltr'><strong>ad</strong></span> <span class='ocrx_word' id='word_1_24' title='bbox 521 558 861 624; x_wconf 86' lang='lat' dir='ltr'><strong>expugnandas</strong></span> <span class='ocrx_word' id='word_1_25' title='bbox 883 558 1025 608; x_wconf 89' lang='lat' dir='ltr'><strong>urbes</strong></span> <span class='ocrx_word' id='word_1_26' title='bbox 1047 570 1128 609; x_wconf 89' lang='lat' dir='ltr'><strong>aut</strong></span> <span class='ocrx_word' id='word_1_27' title='bbox 1151 560 1347 626; x_wconf 85' lang='lat' dir='ltr'><strong>oppida,</strong></span> <span class='ocrx_word' id='word_1_28' title='bbox 1369 560 1465 610; x_wconf 88' lang='lat' dir='ltr'><strong>ulla</strong></span> <span class='ocrx_word' id='word_1_29' title='bbox 1479 563 1601 614; x_wconf 81' lang='lat' dir='ltr'><strong>ratio</strong></span> 
     </span>
     <span class='ocr_line' id='line_1_6' title="bbox 187 635 1602 703; baseline 0.001 -16"><span class='ocrx_word' id='word_1_30' title='bbox 187 647 269 692; x_wconf 77' lang='lat' dir='ltr'><strong>aut</strong></span> <span class='ocrx_word' id='word_1_31' title='bbox 306 637 606 703; x_wconf 88' lang='lat' dir='ltr'><strong>providentia</strong></span> <span class='ocrx_word' id='word_1_32' title='bbox 635 635 919 685; x_wconf 81' lang='lat' dir='ltr'><strong>habebatur.</strong></span> <span class='ocrx_word' id='word_1_33' title='bbox 949 637 1087 685; x_wconf 87' lang='lat' dir='ltr'><strong>Unde</strong></span> <span class='ocrx_word' id='word_1_34' title='bbox 1111 639 1276 703; x_wconf 82' lang='lat' dir='ltr'><strong>paucis</strong></span> <span class='ocrx_word' id='word_1_35' title='bbox 1298 638 1468 687; x_wconf 84' lang='lat' dir='ltr'><strong>diebus</strong></span> <span class='ocrx_word' id='word_1_36' title='bbox 1490 657 1602 688; x_wconf 89' lang='lat' dir='ltr'><strong>cum</strong></span> 
     </span>
     <span class='ocr_line' id='line_1_7' title="bbox 185 714 1602 779; baseline 0.003 -16"><span class='ocrx_word' id='word_1_37' title='bbox 185 715 279 763; x_wconf 88' lang='lat' dir='ltr'><strong>illic</strong></span> <span class='ocrx_word' id='word_1_38' title='bbox 295 717 548 776; x_wconf 84' lang='lat' dir='ltr'><strong>stetissent,</strong></span> <span class='ocrx_word' id='word_1_39' title='bbox 564 714 757 779; x_wconf 87' lang='lat' dir='ltr'><strong>frigore,</strong></span> <span class='ocrx_word' id='word_1_40' title='bbox 777 714 902 762; x_wconf 89' lang='lat' dir='ltr'><strong>fame</strong></span> <span class='ocrx_word' id='word_1_41' title='bbox 925 731 980 762; x_wconf 89' lang='lat' dir='ltr'><strong>ac</strong></span> <span class='ocrx_word' id='word_1_42' title='bbox 999 715 1212 764; x_wconf 89' lang='lat' dir='ltr'><strong>nuditate</strong></span> <span class='ocrx_word' id='word_1_43' title='bbox 1232 718 1453 778; x_wconf 88' lang='lat' dir='ltr'><strong>confecti,</strong></span> <span class='ocrx_word' id='word_1_44' title='bbox 1479 720 1602 767; x_wconf 87' lang='lat' dir='ltr'><strong>mul-</strong></span> 
     </span>
     <span class='ocr_line' id='line_1_8' title="bbox 185 791 1598 858; baseline 0 -15"><span class='ocrx_word' id='word_1_45' title='bbox 185 795 244 844; x_wconf 81' lang='lat' dir='ltr'><strong>tis</strong></span> <span class='ocrx_word' id='word_1_46' title='bbox 271 810 439 848; x_wconf 82' lang='lat' dir='ltr'><strong>eorum</strong></span> <span class='ocrx_word' id='word_1_47' title='bbox 460 808 605 858; x_wconf 84' lang='lat' dir='ltr'><strong>parva</strong></span> <span class='ocrx_word' id='word_1_48' title='bbox 630 791 895 856; x_wconf 82' lang='lat' dir='ltr'><strong>Anglorum</strong></span> <span class='ocrx_word' id='word_1_49' title='bbox 918 808 1064 845; x_wconf 81' lang='lat' dir='ltr'><strong>manu</strong></span> <span class='ocrx_word' id='word_1_50' title='bbox 1087 794 1215 842; x_wconf 86' lang='lat' dir='ltr'><strong>caesis</strong></span> <span class='ocrx_word' id='word_1_51' title='bbox 1238 803 1286 843; x_wconf 85' lang='lat' dir='ltr'><strong>et</strong></span> <span class='ocrx_word' id='word_1_52' title='bbox 1307 794 1598 856; x_wconf 78' lang='lat' dir='ltr'><strong>dilaceratis,</strong></span> 
     </span>
     <span class='ocr_line' id='line_1_9' title="bbox 185 869 1602 937; baseline 0.001 -17"><span class='ocrx_word' id='word_1_53' title='bbox 185 881 329 924; x_wconf 84' lang='lat' dir='ltr'><strong>noctu</strong></span> <span class='ocrx_word' id='word_1_54' title='bbox 346 870 494 920; x_wconf 82' lang='lat' dir='ltr'><strong>&#39;abire</strong></span> <span class='ocrx_word' id='word_1_55' title='bbox 521 879 568 918; x_wconf 91' lang='lat' dir='ltr'><strong>et</strong></span> <span class='ocrx_word' id='word_1_56' title='bbox 592 887 973 935; x_wconf 90' lang='lat' dir='ltr'><strong>quaquaversum</strong></span> <span class='ocrx_word' id='word_1_57' title='bbox 997 869 1133 919; x_wconf 89' lang='lat' dir='ltr'><strong>fundi</strong></span> <span class='ocrx_word' id='word_1_58' title='bbox 1151 880 1198 919; x_wconf 88' lang='lat' dir='ltr'><strong>et</strong></span> <span class='ocrx_word' id='word_1_59' title='bbox 1215 871 1426 937; x_wconf 84' lang='lat' dir='ltr'><strong>disperdi</strong></span> <span class='ocrx_word' id='word_1_60' title='bbox 1450 875 1602 921; x_wconf 91' lang='lat' dir='ltr'><strong>coacti</strong></span> 
     </span>
     <span class='ocr_line' id='line_1_10' title="bbox 184 949 1603 1017; baseline -0.001 -16"><span class='ocrx_word' id='word_1_61' title='bbox 184 960 310 1001; x_wconf 76' lang='lat' dir='ltr'><strong>sunt.</strong></span> <span class='ocrx_word' id='word_1_62' title='bbox 342 951 560 1008; x_wconf 86' lang='lat' dir='ltr'><strong>Quorum</strong></span> <span class='ocrx_word' id='word_1_63' title='bbox 590 950 784 1014; x_wconf 90' lang='lat' dir='ltr'><strong>plurimi</strong></span> <span class='ocrx_word' id='word_1_64' title='bbox 814 949 876 999; x_wconf 85' lang='lat' dir='ltr'><strong>ad</strong></span> <span class='ocrx_word' id='word_1_65' title='bbox 910 950 1082 998; x_wconf 87' lang='lat' dir='ltr'><strong>domos</strong></span> <span class='ocrx_word' id='word_1_66' title='bbox 1105 966 1239 1010; x_wconf 79' lang='lat' dir='ltr'><strong>suae,</strong></span> <span class='ocrx_word' id='word_1_67' title='bbox 1273 962 1470 1017; x_wconf 84' lang='lat' dir='ltr'><strong>propter</strong></span> <span class='ocrx_word' id='word_1_68' title='bbox 1505 957 1603 1000; x_wconf 88' lang='lat' dir='ltr'><strong>An·-</strong></span> 
     </span>
     <span class='ocr_line' id='line_1_11' title="bbox 184 1027 1602 1092; baseline 0.001 -14"><span class='ocrx_word' id='word_1_69' title='bbox 184 1027 371 1092; x_wconf 75' lang='lat' dir='ltr'><strong>glorum</strong></span> <span class='ocrx_word' id='word_1_70' title='bbox 391 1037 601 1089; x_wconf 87' lang='lat' dir='ltr'><strong>metum,</strong></span> <span class='ocrx_word' id='word_1_71' title='bbox 629 1028 698 1076; x_wconf 89' lang='lat' dir='ltr'><strong>ire</strong></span> <span class='ocrx_word' id='word_1_72' title='bbox 726 1028 1118 1088; x_wconf 80' lang='lat' dir='ltr'><strong>reformidantes,</strong></span> <span class='ocrx_word' id='word_1_73' title='bbox 1147 1027 1372 1078; x_wconf 88' lang='lat' dir='ltr'><strong>silvarum</strong></span> <span class='ocrx_word' id='word_1_74' title='bbox 1406 1030 1602 1079; x_wconf 89' lang='lat' dir='ltr'><strong>latibula</strong></span> 
     </span>
     <span class='ocr_line' id='line_1_12' title="bbox 183 1104 1603 1172; baseline 0 -18"><span class='ocrx_word' id='word_1_75' title='bbox 183 1105 451 1171; x_wconf 82' lang='lat' dir='ltr'><strong>petierunt,</strong></span> <span class='ocrx_word' id='word_1_76' title='bbox 491 1104 649 1154; x_wconf 86' lang='lat' dir='ltr'><strong>donec</strong></span> <span class='ocrx_word' id='word_1_77' title='bbox 696 1105 956 1169; x_wconf 79' lang='lat' dir='ltr'><strong>Anglorum</strong></span> <span class='ocrx_word' id='word_1_78' title='bbox 988 1122 1210 1171; x_wconf 82' lang='lat' dir='ltr'><strong>proceres</strong></span> <span class='ocrx_word' id='word_1_79' title='bbox 1256 1107 1341 1171; x_wconf 85' lang='lat' dir='ltr'><strong>qui</strong></span> <span class='ocrx_word' id='word_1_80' title='bbox 1384 1107 1603 1172; x_wconf 82' lang='lat' dir='ltr'><strong>regendae</strong></span> 
     </span>
     <span class='ocr_line' id='line_1_13' title="bbox 183 1184 1599 1249; baseline 0.002 -18"><span class='ocrx_word' id='word_1_81' title='bbox 183 1184 439 1248; x_wconf 85' lang='lat' dir='ltr'><strong>provinciae</strong></span> <span class='ocrx_word' id='word_1_82' title='bbox 454 1200 620 1234; x_wconf 85' lang='lat' dir='ltr'><strong>curam</strong></span> <span class='ocrx_word' id='word_1_83' title='bbox 636 1194 961 1249; x_wconf 86' lang='lat' dir='ltr'><strong>susceperant,</strong></span> <span class='ocrx_word' id='word_1_84' title='bbox 982 1201 1150 1234; x_wconf 88' lang='lat' dir='ltr'><strong>eorum</strong></span> <span class='ocrx_word' id='word_1_85' title='bbox 1170 1185 1380 1233; x_wconf 87' lang='lat' dir='ltr'><strong>miserati</strong></span> <span class='ocrx_word' id='word_1_86' title='bbox 1396 1203 1599 1247; x_wconf 85' lang='lat' dir='ltr'><strong>errores,</strong></span> 
     </span>
     <span class='ocr_line' id='line_1_14' title="bbox 183 1259 1602 1327; baseline 0.001 -19"><span class='ocrx_word' id='word_1_87' title='bbox 183 1259 481 1323; x_wconf 84' lang='lat' dir='ltr'><strong>generalibus</strong></span> <span class='ocrx_word' id='word_1_88' title='bbox 519 1260 861 1311; x_wconf 87' lang='lat' dir='ltr'><strong>abolitionibus</strong></span> <span class='ocrx_word' id='word_1_89' title='bbox 894 1278 1309 1327; x_wconf 88' lang='lat' dir='ltr'><strong>quorumcumque</strong></span> <span class='ocrx_word' id='word_1_90' title='bbox 1346 1263 1602 1311; x_wconf 91' lang='lat' dir='ltr'><strong>criminum</strong></span> 
     </span>
    </p>

    <p class='ocr_par' dir='ltr' id='par_1_4' title="bbox 150 1337 1604 1561">
     <span class='ocr_line' id='line_1_15' title="bbox 184 1337 1598 1405; baseline 0.003 -21"><span class='ocrx_word' id='word_1_91' title='bbox 184 1337 456 1402; x_wconf 82' lang='lat' dir='ltr'><strong>publicatis,</strong></span> <span class='ocrx_word' id='word_1_92' title='bbox 485 1339 689 1404; x_wconf 82' lang='lat' dir='ltr'><strong>praestita</strong></span> <span class='ocrx_word' id='word_1_93' title='bbox 719 1356 807 1404; x_wconf 89' lang='lat' dir='ltr'><strong>per</strong></span> <span class='ocrx_word' id='word_1_94' title='bbox 842 1356 926 1388; x_wconf 90' lang='lat' dir='ltr'><strong>eos</strong></span> <span class='ocrx_word' id='word_1_95' title='bbox 949 1340 1290 1405; x_wconf 86' lang='lat' dir='ltr'><strong>qualicumque</strong></span> <span class='ocrx_word' id='word_1_96' title='bbox 1316 1342 1569 1389; x_wconf 83' lang='lat' dir='ltr'><strong>securitate</strong></span> <span class='ocrx_word' id='word_1_97' title='bbox 1586 1377 1598 1396; x_wconf 94' lang='lat'><strong>,</strong></span> 
     </span>
     <span class='ocr_line' id='line_1_16' title="bbox 150 1403 1604 1481; baseline 0.003 -19"><span class='ocrx_word' id='word_1_98' title='bbox 150 1403 153 1411; x_wconf 34' lang='lat'><strong><em>¹</em></strong></span> <span class='ocrx_word' id='word_1_99' title='bbox 183 1415 364 1479; x_wconf 88' lang='lat' dir='ltr'><strong>majore</strong></span> <span class='ocrx_word' id='word_1_100' title='bbox 387 1432 470 1463; x_wconf 88' lang='lat' dir='ltr'><strong>eos</strong></span> <span class='ocrx_word' id='word_1_101' title='bbox 488 1432 543 1463; x_wconf 86' lang='lat' dir='ltr'><strong>ex</strong></span> <span class='ocrx_word' id='word_1_102' title='bbox 568 1425 701 1481; x_wconf 85' lang='lat' dir='ltr'><strong>parte</strong></span> <span class='ocrx_word' id='word_1_103' title='bbox 723 1416 786 1465; x_wconf 88' lang='lat' dir='ltr'><strong>ad</strong></span> <span class='ocrx_word' id='word_1_104' title='bbox 809 1417 982 1467; x_wconf 89' lang='lat' dir='ltr'><strong>domos</strong></span> <span class='ocrx_word' id='word_1_105' title='bbox 1002 1434 1110 1467; x_wconf 87' lang='lat' dir='ltr'><strong>suas</strong></span> <span class='ocrx_word' id='word_1_106' title='bbox 1132 1430 1416 1467; x_wconf 84' lang='lat' dir='ltr'><strong>revocarunt</strong></span> <span class='ocrx_word' id='word_1_107' title='bbox 1438 1437 1448 1465; x_wconf 77' lang='grc' dir='ltr'><strong><em>ε</em></strong></span> <span class='ocrx_word' id='word_1_108' title='bbox 1472 1419 1604 1467; x_wconf 88' lang='lat' dir='ltr'><strong>unde</strong></span> 
     </span>
     <span class='ocr_line' id='line_1_17' title="bbox 183 1495 1276 1561; baseline 0.001 -19"><span class='ocrx_word' id='word_1_109' title='bbox 183 1495 338 1558; x_wconf 89' lang='lat' dir='ltr'><strong>patria</strong></span> <span class='ocrx_word' id='word_1_110' title='bbox 358 1504 468 1560; x_wconf 88' lang='lat' dir='ltr'><strong>post</strong></span> <span class='ocrx_word' id='word_1_111' title='bbox 487 1504 534 1544; x_wconf 88' lang='lat' dir='ltr'><strong>et</strong></span> <span class='ocrx_word' id='word_1_112' title='bbox 555 1495 764 1546; x_wconf 82' lang='lat' dir='ltr'><strong>habitata</strong></span> <span class='ocrx_word' id='word_1_113' title='bbox 786 1504 834 1543; x_wconf 91' lang='lat' dir='ltr'><strong>et</strong></span> <span class='ocrx_word' id='word_1_114' title='bbox 852 1495 976 1545; x_wconf 87' lang='lat' dir='ltr'><strong>culta</strong></span> <span class='ocrx_word' id='word_1_115' title='bbox 999 1496 1276 1561; x_wconf 84' lang='lat' dir='ltr'><strong>permansit.</strong></span> 
     </span>
    </p>

    <p class='ocr_par' dir='ltr' id='par_1_5' title="bbox 183 1573 1603 2735">
     <span class='ocr_line' id='line_1_18' title="bbox 248 1573 1602 1640; baseline 0.002 -21"><span class='ocrx_word' id='word_1_116' title='bbox 248 1573 354 1622; x_wconf 75' lang='lat' dir='ltr'><strong>Fuit</strong></span> <span class='ocrx_word' id='word_1_117' title='bbox 386 1583 546 1623; x_wconf 86' lang='lat' dir='ltr'><strong>autem</strong></span> <span class='ocrx_word' id='word_1_118' title='bbox 561 1612 573 1635; x_wconf 91' lang='lat'><strong>,</strong></span> <span class='ocrx_word' id='word_1_119' title='bbox 609 1584 658 1621; x_wconf 89' lang='lat' dir='ltr'><strong>et</strong></span> <span class='ocrx_word' id='word_1_120' title='bbox 696 1573 865 1622; x_wconf 88' lang='lat' dir='ltr'><strong>iisdem</strong></span> <span class='ocrx_word' id='word_1_121' title='bbox 906 1591 1059 1640; x_wconf 88' lang='lat' dir='ltr'><strong>prope</strong></span> <span class='ocrx_word' id='word_1_122' title='bbox 1099 1573 1422 1639; x_wconf 88' lang='lat' dir='ltr'><strong>temporibus,</strong></span> <span class='ocrx_word' id='word_1_123' title='bbox 1461 1574 1602 1622; x_wconf 90' lang='lat' dir='ltr'><strong>simul</strong></span> 
     </span>
     <span class='ocr_line' id='line_1_19' title="bbox 184 1650 1599 1716; baseline 0.001 -18"><span class='ocrx_word' id='word_1_124' title='bbox 184 1650 402 1713; x_wconf 70' lang='lat' dir='ltr'><strong>quaedam</strong></span> <span class='ocrx_word' id='word_1_125' title='bbox 438 1651 730 1716; x_wconf 88' lang='lat' dir='ltr'><strong>populorum</strong></span> <span class='ocrx_word' id='word_1_126' title='bbox 766 1651 906 1699; x_wconf 88' lang='lat' dir='ltr'><strong>turba</strong></span> <span class='ocrx_word' id='word_1_127' title='bbox 939 1652 989 1699; x_wconf 92' lang='lat' dir='ltr'><strong>in</strong></span> <span class='ocrx_word' id='word_1_128' title='bbox 1024 1650 1199 1701; x_wconf 87' lang='lat' dir='ltr'><strong>finibus</strong></span> <span class='ocrx_word' id='word_1_129' title='bbox 1234 1651 1379 1699; x_wconf 87' lang='lat' dir='ltr'><strong>Vallis</strong></span> <span class='ocrx_word' id='word_1_130' title='bbox 1408 1652 1599 1713; x_wconf 87' lang='lat' dir='ltr'><strong>Viriae¹,</strong></span> 
     </span>
     <span class='ocr_line' id='line_1_20' title="bbox 183 1729 1603 1795; baseline 0.001 -20"><span class='ocrx_word' id='word_1_131' title='bbox 183 1737 377 1777; x_wconf 87' lang='lat' dir='ltr'><strong>auctore</strong></span> <span class='ocrx_word' id='word_1_132' title='bbox 392 1739 714 1792; x_wconf 89' lang='lat' dir='ltr'><strong>cognomento</strong></span> <span class='ocrx_word' id='word_1_133' title='bbox 733 1731 955 1795; x_wconf 80' lang='lat' dir='ltr'><strong>Boquier.</strong></span> <span class='ocrx_word' id='word_1_134' title='bbox 978 1729 1167 1794; x_wconf 85' lang='lat' dir='ltr'><strong>Ubique</strong></span> <span class='ocrx_word' id='word_1_135' title='bbox 1185 1730 1315 1777; x_wconf 89' lang='lat' dir='ltr'><strong>enim</strong></span> <span class='ocrx_word' id='word_1_136' title='bbox 1335 1747 1421 1795; x_wconf 89' lang='lat' dir='ltr'><strong>per</strong></span> <span class='ocrx_word' id='word_1_137' title='bbox 1435 1747 1603 1779; x_wconf 87' lang='lat' dir='ltr'><strong>omnes</strong></span> 
     </span>
     <span class='ocr_line' id='line_1_21' title="bbox 184 1805 1603 1871; baseline 0.003 -20"><span class='ocrx_word' id='word_1_138' title='bbox 184 1805 486 1855; x_wconf 81' lang='lat' dir='ltr'><strong>Normanniae</strong></span> <span class='ocrx_word' id='word_1_139' title='bbox 507 1807 757 1867; x_wconf 85' lang='lat' dir='ltr'><strong>terminos,</strong></span> <span class='ocrx_word' id='word_1_140' title='bbox 780 1807 841 1855; x_wconf 88' lang='lat' dir='ltr'><strong>ab</strong></span> <span class='ocrx_word' id='word_1_141' title='bbox 862 1807 1120 1871; x_wconf 86' lang='lat' dir='ltr'><strong>Anglorum</strong></span> <span class='ocrx_word' id='word_1_142' title='bbox 1144 1806 1468 1871; x_wconf 82' lang='lat' dir='ltr'><strong>praedonibus,</strong></span> <span class='ocrx_word' id='word_1_143' title='bbox 1492 1807 1603 1855; x_wconf 87' lang='lat' dir='ltr'><strong>licet</strong></span> 
     </span>
     <span class='ocr_line' id='line_1_22' title="bbox 183 1883 1599 1951; baseline 0.003 -23"><span class='ocrx_word' id='word_1_144' title='bbox 183 1883 480 1947; x_wconf 86' lang='lat' dir='ltr'><strong>provinciam</strong></span> <span class='ocrx_word' id='word_1_145' title='bbox 510 1884 600 1934; x_wconf 90' lang='lat' dir='ltr'><strong>sub</strong></span> <span class='ocrx_word' id='word_1_146' title='bbox 624 1902 711 1934; x_wconf 88' lang='lat' dir='ltr'><strong>suo</strong></span> <span class='ocrx_word' id='word_1_147' title='bbox 740 1886 943 1951; x_wconf 89' lang='lat' dir='ltr'><strong>imperio</strong></span> <span class='ocrx_word' id='word_1_148' title='bbox 977 1885 1236 1950; x_wconf 87' lang='lat' dir='ltr'><strong>Anglorum</strong></span> <span class='ocrx_word' id='word_1_149' title='bbox 1268 1901 1351 1935; x_wconf 90' lang='lat' dir='ltr'><strong>rex</strong></span> <span class='ocrx_word' id='word_1_150' title='bbox 1374 1884 1599 1946; x_wconf 87' lang='lat' dir='ltr'><strong>haberet,</strong></span> 
     </span>
     <span class='ocr_line' id='line_1_23' title="bbox 183 1959 1603 2031; baseline 0.002 -24"><span class='ocrx_word' id='word_1_151' title='bbox 183 1959 304 2008; x_wconf 86' lang='lat' dir='ltr'><strong>adeo</strong></span> <span class='ocrx_word' id='word_1_152' title='bbox 334 1962 503 2027; x_wconf 89' lang='lat' dir='ltr'><strong>populi</strong></span> <span class='ocrx_word' id='word_1_153' title='bbox 528 1963 822 2014; x_wconf 83' lang='lat' dir='ltr'><strong>vexabantur</strong></span> <span class='ocrx_word' id='word_1_154' title='bbox 850 1964 1051 2031; x_wconf 89' lang='lat' dir='ltr'><strong>rapinis,</strong></span> <span class='ocrx_word' id='word_1_155' title='bbox 1077 1962 1285 2011; x_wconf 87' lang='lat' dir='ltr'><strong>caedibus</strong></span> <span class='ocrx_word' id='word_1_156' title='bbox 1314 1979 1370 2011; x_wconf 91' lang='lat' dir='ltr'><strong>ac</strong></span> <span class='ocrx_word' id='word_1_157' title='bbox 1406 1963 1603 2011; x_wconf 85' lang='lat' dir='ltr'><strong>diversis</strong></span> 
     </span>
     <span class='ocr_line' id='line_1_24' title="bbox 184 2037 1602 2107; baseline 0.003 -21"><span class='ocrx_word' id='word_1_158' title='bbox 184 2037 432 2089; x_wconf 86' lang='lat' dir='ltr'><strong>calumniis</strong></span> <span class='ocrx_word' id='word_1_159' title='bbox 464 2049 606 2105; x_wconf 86' lang='lat' dir='ltr'><strong>atque</strong></span> <span class='ocrx_word' id='word_1_160' title='bbox 638 2042 844 2106; x_wconf 89' lang='lat' dir='ltr'><strong>injuriis,</strong></span> <span class='ocrx_word' id='word_1_161' title='bbox 875 2051 926 2089; x_wconf 87' lang='lat' dir='ltr'><strong>ut</strong></span> <span class='ocrx_word' id='word_1_162' title='bbox 956 2041 1253 2107; x_wconf 83' lang='lat' dir='ltr'><strong>impatientia</strong></span> <span class='ocrx_word' id='word_1_163' title='bbox 1284 2041 1520 2089; x_wconf 89' lang='lat' dir='ltr'><strong>malorum</strong></span> <span class='ocrx_word' id='word_1_164' title='bbox 1556 2052 1602 2090; x_wconf 92' lang='lat' dir='ltr'><strong>et</strong></span> 
     </span>
     <span class='ocr_line' id='line_1_25' title="bbox 184 2113 1602 2184; baseline 0.004 -24"><span class='ocrx_word' id='word_1_165' title='bbox 184 2113 330 2165; x_wconf 77' lang='lat' dir='ltr'><strong>toedio</strong></span> <span class='ocrx_word' id='word_1_166' title='bbox 347 2124 442 2165; x_wconf 85' lang='lat' dir='ltr'><strong>tam</strong></span> <span class='ocrx_word' id='word_1_167' title='bbox 465 2116 702 2168; x_wconf 79' lang='lat' dir='ltr'><strong>diuturnae</strong></span> <span class='ocrx_word' id='word_1_168' title='bbox 721 2119 1089 2183; x_wconf 86' lang='lat' dir='ltr'><strong>inquietudinis,</strong></span> <span class='ocrx_word' id='word_1_169' title='bbox 1112 2118 1254 2167; x_wconf 90' lang='lat' dir='ltr'><strong>veluti</strong></span> <span class='ocrx_word' id='word_1_170' title='bbox 1269 2118 1602 2184; x_wconf 87' lang='lat' dir='ltr'><strong>desperatione</strong></span> 
     </span>
     <span class='ocr_line' id='line_1_26' title="bbox 185 2192 1602 2261; baseline 0.001 -18"><span class='ocrx_word' id='word_1_171' title='bbox 185 2192 364 2255; x_wconf 85' lang='lat' dir='ltr'><strong>salutis,</strong></span> <span class='ocrx_word' id='word_1_172' title='bbox 389 2195 451 2243; x_wconf 89' lang='lat' dir='ltr'><strong>ad</strong></span> <span class='ocrx_word' id='word_1_173' title='bbox 474 2196 590 2245; x_wconf 90' lang='lat' dir='ltr'><strong>tales</strong></span> <span class='ocrx_word' id='word_1_174' title='bbox 621 2197 991 2247; x_wconf 88' lang='lat' dir='ltr'><strong>insurrectiones</strong></span> <span class='ocrx_word' id='word_1_175' title='bbox 1015 2207 1185 2247; x_wconf 88' lang='lat' dir='ltr'><strong>contra</strong></span> <span class='ocrx_word' id='word_1_176' title='bbox 1219 2197 1439 2261; x_wconf 83' lang='lat' dir='ltr'><strong>Anglicos</strong></span> <span class='ocrx_word' id='word_1_177' title='bbox 1463 2213 1602 2260; x_wconf 85' lang='lat' dir='ltr'><strong>urge-</strong></span> 
     </span>
     <span class='ocr_line' id='line_1_27' title="bbox 186 2274 1602 2337; baseline 0.004 -20"><span class='ocrx_word' id='word_1_178' title='bbox 186 2281 351 2321; x_wconf 89' lang='lat' dir='ltr'><strong>rentur</strong></span> <span class='ocrx_word' id='word_1_179' title='bbox 377 2291 388 2321; x_wconf 88' lang='lat'><strong>:</strong></span> <span class='ocrx_word' id='word_1_180' title='bbox 414 2274 650 2337; x_wconf 88' lang='lat' dir='ltr'><strong>studiose,</strong></span> <span class='ocrx_word' id='word_1_181' title='bbox 691 2287 745 2324; x_wconf 88' lang='lat' dir='ltr'><strong>ut</strong></span> <span class='ocrx_word' id='word_1_182' title='bbox 783 2277 1014 2334; x_wconf 80' lang='lat' dir='ltr'><strong>diximuS‚</strong></span> <span class='ocrx_word' id='word_1_183' title='bbox 1050 2277 1112 2324; x_wconf 86' lang='lat' dir='ltr'><strong>ad</strong></span> <span class='ocrx_word' id='word_1_184' title='bbox 1140 2276 1236 2324; x_wconf 92' lang='lat' dir='ltr'><strong>hoc</strong></span> <span class='ocrx_word' id='word_1_185' title='bbox 1273 2276 1602 2325; x_wconf 88' lang='lat' dir='ltr'><strong>annitentibus</strong></span> 
     </span>
     <span class='ocr_line' id='line_1_28' title="bbox 186 2349 1601 2420; baseline 0.006 -25"><span class='ocrx_word' id='word_1_186' title='bbox 186 2349 342 2415; x_wconf 85' lang='lat' dir='ltr'><strong>impiis</strong></span> <span class='ocrx_word' id='word_1_187' title='bbox 377 2352 650 2415; x_wconf 81' lang='lat' dir='ltr'><strong>Anglorum&#39;</strong></span> <span class='ocrx_word' id='word_1_188' title='bbox 673 2356 776 2419; x_wconf 86' lang='lat' dir='ltr'><strong>(qui</strong></span> <span class='ocrx_word' id='word_1_189' title='bbox 813 2356 1118 2405; x_wconf 83' lang='lat' dir='ltr'><strong>vetustissimi</strong></span> <span class='ocrx_word' id='word_1_190' title='bbox 1156 2366 1203 2403; x_wconf 92' lang='lat' dir='ltr'><strong>et</strong></span> <span class='ocrx_word' id='word_1_191' title='bbox 1237 2355 1601 2420; x_wconf 90' lang='lat' dir='ltr'><strong>quodammodo</strong></span> 
     </span>
     <span class='ocr_line' id='line_1_29' title="bbox 187 2427 1598 2500; baseline 0.005 -26"><span class='ocrx_word' id='word_1_192' title='bbox 187 2427 424 2477; x_wconf 83' lang='lat' dir='ltr'><strong>naturales</strong></span> <span class='ocrx_word' id='word_1_193' title='bbox 444 2429 567 2478; x_wconf 91' lang='lat' dir='ltr'><strong>illius</strong></span> <span class='ocrx_word' id='word_1_194' title='bbox 588 2441 722 2481; x_wconf 85' lang='lat' dir='ltr'><strong>terrae</strong></span> <span class='ocrx_word' id='word_1_195' title='bbox 743 2443 791 2481; x_wconf 90' lang='lat' dir='ltr'><strong>et</strong></span> <span class='ocrx_word' id='word_1_196' title='bbox 807 2434 972 2500; x_wconf 89' lang='lat' dir='ltr'><strong>populi</strong></span> <span class='ocrx_word' id='word_1_197' title='bbox 994 2433 1153 2482; x_wconf 89' lang='lat' dir='ltr'><strong>hostes</strong></span> <span class='ocrx_word' id='word_1_198' title='bbox 1174 2450 1276 2482; x_wconf 86' lang='lat' dir='ltr'><strong>esse</strong></span> <span class='ocrx_word' id='word_1_199' title='bbox 1297 2434 1598 2497; x_wconf 84' lang='lat' dir='ltr'><strong>creduntur),</strong></span> 
     </span>
     <span class='ocr_line' id='line_1_30' title="bbox 189 2507 1600 2577; baseline 0.005 -25"><span class='ocrx_word' id='word_1_200' title='bbox 189 2514 242 2552; x_wconf 87' lang='lat' dir='ltr'><strong>ut</strong></span> <span class='ocrx_word' id='word_1_201' title='bbox 263 2507 500 2570; x_wconf 87' lang='lat' dir='ltr'><strong>majorum</strong></span> <span class='ocrx_word' id='word_1_202' title='bbox 521 2510 795 2575; x_wconf 88' lang='lat' dir='ltr'><strong>rapinarum</strong></span> <span class='ocrx_word' id='word_1_203' title='bbox 818 2522 961 2577; x_wconf 83' lang='lat' dir='ltr'><strong>atque</strong></span> <span class='ocrx_word' id='word_1_204' title='bbox 991 2511 1197 2570; x_wconf 83' lang='lat' dir='ltr'><strong>caedum,</strong></span> <span class='ocrx_word' id='word_1_205' title='bbox 1224 2513 1285 2562; x_wconf 87' lang='lat' dir='ltr'><strong>ad</strong></span> <span class='ocrx_word' id='word_1_206' title='bbox 1307 2529 1394 2560; x_wconf 84' lang='lat' dir='ltr'><strong>sua</strong></span> <span class='ocrx_word' id='word_1_207' title='bbox 1414 2522 1600 2560; x_wconf 84' lang='lat' dir='ltr'><strong>exsatu-</strong></span> 
     </span>
     <span class='ocr_line' id='line_1_31' title="bbox 188 2583 1602 2656; baseline 0.005 -27"><span class='ocrx_word' id='word_1_208' title='bbox 188 2583 338 2630; x_wconf 89' lang='lat' dir='ltr'><strong>randa</strong></span> <span class='ocrx_word' id='word_1_209' title='bbox 357 2585 466 2633; x_wconf 90' lang='lat' dir='ltr'><strong>odia</strong></span> <span class='ocrx_word' id='word_1_210' title='bbox 479 2623 490 2645; x_wconf 90' lang='lat'><strong>,</strong></span> <span class='ocrx_word' id='word_1_211' title='bbox 511 2589 781 2637; x_wconf 89' lang='lat' dir='ltr'><strong>occasiones</strong></span> <span class='ocrx_word' id='word_1_212' title='bbox 799 2592 1153 2656; x_wconf 89' lang='lat' dir='ltr'><strong>conquirerent.</strong></span> <span class='ocrx_word' id='word_1_213' title='bbox 1180 2591 1273 2639; x_wconf 91' lang='lat' dir='ltr'><strong>Sed</strong></span> <span class='ocrx_word' id='word_1_214' title='bbox 1294 2591 1377 2654; x_wconf 90' lang='lat' dir='ltr'><strong>huj</strong></span> <span class='ocrx_word' id='word_1_215' title='bbox 1385 2608 1437 2638; x_wconf 91' lang='lat' dir='ltr'><strong>us</strong></span> <span class='ocrx_word' id='word_1_216' title='bbox 1453 2590 1602 2637; x_wconf 77' lang='lat' dir='ltr'><strong>turbae</strong></span> 
     </span>
     <span class='ocr_line' id='line_1_32' title="bbox 189 2662 1600 2735; baseline 0.004 -27"><span class='ocrx_word' id='word_1_217' title='bbox 189 2662 238 2708; x_wconf 93' lang='lat' dir='ltr'><strong>in</strong></span> <span class='ocrx_word' id='word_1_218' title='bbox 259 2665 299 2709; x_wconf 85' lang='lat' dir='ltr'>V</span> <span class='ocrx_word' id='word_1_219' title='bbox 303 2662 472 2711; x_wconf 89' lang='lat' dir='ltr'><strong>allibus</strong></span> <span class='ocrx_word' id='word_1_220' title='bbox 491 2665 627 2713; x_wconf 76' lang='lat' dir='ltr'><strong>Viriae</strong></span> <span class='ocrx_word' id='word_1_221' title='bbox 650 2667 880 2732; x_wconf 88' lang='lat' dir='ltr'><strong>impetum</strong></span> <span class='ocrx_word' id='word_1_222' title='bbox 907 2670 1201 2735; x_wconf 90' lang='lat' dir='ltr'><strong>compescuit</strong></span> <span class='ocrx_word' id='word_1_223' title='bbox 1214 2669 1410 2733; x_wconf 86' lang='lat' dir='ltr'><strong>quidam</strong></span> <span class='ocrx_word' id='word_1_224' title='bbox 1433 2670 1600 2733; x_wconf 87' lang='lat' dir='ltr'><strong>Anglo-</strong></span> 
     </span>
    </p>
   </div>
   <div class='ocr_carea' id='block_1_4' title="bbox 245 2837 1543 2892">
    <p class='ocr_par' dir='ltr' id='par_1_6' title="bbox 245 2837 1543 2892">
     <span class='ocr_line' id='line_1_33' title="bbox 245 2837 1543 2892; baseline 0.007 -20"><span class='ocrx_word' id='word_1_225' title='bbox 245 2837 282 2875; x_wconf 87' lang='lat'><strong>·1.</strong></span> <span class='ocrx_word' id='word_1_226' title='bbox 314 2839 367 2874; x_wconf 84' lang='lat' dir='ltr'><strong>Le</strong></span> <span class='ocrx_word' id='word_1_227' title='bbox 383 2837 450 2875; x_wconf 86' lang='lat' dir='ltr'><strong>Val</strong></span> <span class='ocrx_word' id='word_1_228' title='bbox 471 2837 519 2876; x_wconf 89' lang='lat' dir='ltr'><strong>de</strong></span> <span class='ocrx_word' id='word_1_229' title='bbox 534 2839 638 2889; x_wconf 86' lang='lat' dir='ltr'><strong>Vire,</strong></span> <span class='ocrx_word' id='word_1_230' title='bbox 659 2841 744 2892; x_wconf 91' lang='lat' dir='ltr'><strong>plus</strong></span> <span class='ocrx_word' id='word_1_231' title='bbox 762 2842 831 2881; x_wconf 86' lang='lat' dir='ltr'><strong>bas</strong></span> <span class='ocrx_word' id='word_1_232' title='bbox 854 2846 982 2882; x_wconf 83' lang='lat' dir='ltr'><strong>Valles</strong></span> <span class='ocrx_word' id='word_1_233' title='bbox 1006 2849 1043 2882; x_wconf 92' lang='lat' dir='ltr'><em>V</em></span> <span class='ocrx_word' id='word_1_234' title='bbox 1043 2850 1120 2882; x_wconf 84' lang='lat' dir='ltr'><strong>iriae</strong></span> <span class='ocrx_word' id='word_1_235' title='bbox 1137 2874 1148 2891; x_wconf 86' lang='lat'><strong>,</strong></span> <span class='ocrx_word' id='word_1_236' title='bbox 1169 2844 1224 2882; x_wconf 84' lang='lat' dir='ltr'><strong>les</strong></span> <span class='ocrx_word' id='word_1_237' title='bbox 1248 2845 1354 2881; x_wconf 88' lang='lat' dir='ltr'><strong>Vaux</strong></span> <span class='ocrx_word' id='word_1_238' title='bbox 1375 2841 1422 2880; x_wconf 88' lang='lat' dir='ltr'><strong>de</strong></span> <span class='ocrx_word' id='word_1_239' title='bbox 1441 2841 1543 2881; x_wconf 86' lang='lat' dir='ltr'><strong>Vire.</strong></span> 
     </span>
    </p>
   </div>
  </div>
 </body>
</html>
