<?xml version="1.0" encoding="UTF-8"?>
<!DOCTYPE html PUBLIC "-//W3C//DTD XHTML 1.0 Transitional//EN"
    "http://www.w3.org/TR/xhtml1/DTD/xhtml1-transitional.dtd">
<html xmlns="http://www.w3.org/1999/xhtml" xml:lang="en" lang="en">
 <head>
  <title>
</title>
<meta http-equiv="Content-Type" content="text/html;charset=utf-8" />
  <meta name='ocr-system' content='tesseract 3.04.00' />
  <meta name='ocr-capabilities' content='ocr_page ocr_carea ocr_par ocr_line ocrx_word'/>
</head>
<body>
  <div class='ocr_page' id='page_1' title='image "./histoiredesrgn01basiuoft_0317.png"; bbox 0 0 2086 3528; ppageno 0'>
   <div class='ocr_carea' id='block_1_1' title="bbox 0 0 132 1276">
    <p class='ocr_par' dir='ltr' id='par_1_1' title="bbox 0 0 132 1276">
     <span class='ocr_line' id='line_1_1' title="bbox 0 0 132 1276; baseline 0 0"><span class='ocrx_word' id='word_1_1' title='bbox 0 0 132 1276; x_wconf 95' lang='lat' dir='ltr'> </span> 
     </span>
    </p>
   </div>
   <div class='ocr_carea' id='block_1_2' title="bbox 721 339 1639 388">
    <p class='ocr_par' dir='ltr' id='par_1_2' title="bbox 721 339 1639 388">
     <span class='ocr_line' id='line_1_2' title="bbox 721 339 1639 388; baseline 0.003 -11"><span class='ocrx_word' id='word_1_2' title='bbox 721 339 869 385; x_wconf 77' lang='lat' dir='ltr'>LIBER</span> <span class='ocrx_word' id='word_1_3' title='bbox 895 340 1114 380; x_wconf 85' lang='lat' dir='ltr'>TERTIUS.</span> <span class='ocrx_word' id='word_1_4' title='bbox 1564 343 1639 388; x_wconf 74' lang='grc'>143</span> 
     </span>
    </p>
   </div>
   <div class='ocr_carea' id='block_1_3' title="bbox 165 422 1645 2592">
    <p class='ocr_par' dir='ltr' id='par_1_3' title="bbox 165 422 1645 1579">
     <span class='ocr_line' id='line_1_3' title="bbox 216 422 1640 490; baseline 0.001 -19"><span class='ocrx_word' id='word_1_5' title='bbox 216 424 470 472; x_wconf 90' lang='lat' dir='ltr'>Pissiacum</span> <span class='ocrx_word' id='word_1_6' title='bbox 493 422 751 471; x_wconf 88' lang='lat' dir='ltr'>advolavit.</span> <span class='ocrx_word' id='word_1_7' title='bbox 775 422 916 471; x_wconf 86' lang='lat' dir='ltr'><strong>Unde</strong></span> <span class='ocrx_word' id='word_1_8' title='bbox 936 461 947 483; x_wconf 92' lang='lat'>,</span> <span class='ocrx_word' id='word_1_9' title='bbox 971 441 1058 490; x_wconf 92' lang='lat' dir='ltr'>per</span> <span class='ocrx_word' id='word_1_10' title='bbox 1083 425 1288 490; x_wconf 86' lang='lat' dir='ltr'>spatium</span> <span class='ocrx_word' id='word_1_11' title='bbox 1313 425 1472 473; x_wconf 89' lang='lat' dir='ltr'>minus</span> <span class='ocrx_word' id='word_1_12' title='bbox 1495 441 1640 490; x_wconf 89' lang='lat' dir='ltr'>quam</span> 
     </span>
     <span class='ocr_line' id='line_1_4' title="bbox 214 500 1641 569; baseline 0.003 -21"><span class='ocrx_word' id='word_1_13' title='bbox 214 500 344 550; x_wconf 81' lang='lat' dir='ltr'>horae</span> <span class='ocrx_word' id='word_1_14' title='bbox 368 503 535 564; x_wconf 91' lang='lat' dir='ltr'>unius,</span> <span class='ocrx_word' id='word_1_15' title='bbox 576 518 660 549; x_wconf 87' lang='lat' dir='ltr'>rex</span> <span class='ocrx_word' id='word_1_16' title='bbox 698 518 726 549; x_wconf 91' lang='lat' dir='ltr'>a</span> <span class='ocrx_word' id='word_1_17' title='bbox 765 502 1014 554; x_wconf 84' lang='lat' dir='ltr'>nonnullis</span> <span class='ocrx_word' id='word_1_18' title='bbox 1047 503 1235 559; x_wconf 84' lang='lat' dir='ltr'>viarum</span> <span class='ocrx_word' id='word_1_19' title='bbox 1257 503 1641 569; x_wconf 84' lang='lat' dir='ltr'>exploratoribus</span> 
     </span>
     <span class='ocr_line' id='line_1_5' title="bbox 215 578 1640 643; baseline 0.003 -17"><span class='ocrx_word' id='word_1_20' title='bbox 215 580 389 628; x_wconf 90' lang='lat' dir='ltr'>certior</span> <span class='ocrx_word' id='word_1_21' title='bbox 419 580 480 627; x_wconf 85' lang='lat' dir='ltr'>de</span> <span class='ocrx_word' id='word_1_22' title='bbox 504 578 766 643; x_wconf 87' lang='lat' dir='ltr'>Anglorum</span> <span class='ocrx_word' id='word_1_23' title='bbox 790 579 1003 628; x_wconf 87' lang='lat' dir='ltr'>adventu</span> <span class='ocrx_word' id='word_1_24' title='bbox 1033 580 1183 629; x_wconf 87' lang='lat' dir='ltr'>factus</span> <span class='ocrx_word' id='word_1_25' title='bbox 1199 619 1211 642; x_wconf 89' lang='lat'>,</span> <span class='ocrx_word' id='word_1_26' title='bbox 1241 580 1304 628; x_wconf 88' lang='lat' dir='ltr'>ad</span> <span class='ocrx_word' id='word_1_27' title='bbox 1337 580 1535 630; x_wconf 87' lang='lat' dir='ltr'>alteram</span> <span class='ocrx_word' id='word_1_28' title='bbox 1558 583 1640 630; x_wconf 88' lang='lat' dir='ltr'>Se-</span> 
     </span>
     <span class='ocr_line' id='line_1_6' title="bbox 214 657 1643 723; baseline 0.001 -18"><span class='ocrx_word' id='word_1_29' title='bbox 214 673 383 721; x_wconf 88' lang='lat' dir='ltr'>quanae</span> <span class='ocrx_word' id='word_1_30' title='bbox 405 658 560 723; x_wconf 83' lang='lat' dir='ltr'><strong>ripam</strong></span> <span class='ocrx_word' id='word_1_31' title='bbox 589 657 688 721; x_wconf 84' lang='lat' dir='ltr'>jam</span> <span class='ocrx_word' id='word_1_32' title='bbox 727 658 1002 717; x_wconf 84' lang='lat' dir='ltr'>transierat,</span> <span class='ocrx_word' id='word_1_33' title='bbox 1039 675 1193 723; x_wconf 89' lang='lat' dir='ltr'>prope</span> <span class='ocrx_word' id='word_1_34' title='bbox 1222 658 1307 705; x_wconf 90' lang='lat' dir='ltr'>ubi</span> <span class='ocrx_word' id='word_1_35' title='bbox 1327 659 1483 707; x_wconf 84' lang='lat' dir='ltr'>amnis</span> <span class='ocrx_word' id='word_1_36' title='bbox 1506 662 1643 707; x_wconf 85' lang='lat' dir='ltr'>Isarae</span> 
     </span>
     <span class='ocr_line' id='line_1_7' title="bbox 199 734 1638 801; baseline 0.002 -20"><span class='ocrx_word' id='word_1_37' title='bbox 199 735 446 799; x_wconf 51' lang='lat' dir='ltr'>*Sequanae</span> <span class='ocrx_word' id='word_1_38' title='bbox 478 734 669 796; x_wconf 78' lang='lat' dir='ltr'>influit3</span> <span class='ocrx_word' id='word_1_39' title='bbox 703 735 813 795; x_wconf 88' lang='lat' dir='ltr'>sed,</span> <span class='ocrx_word' id='word_1_40' title='bbox 847 735 1039 783; x_wconf 88' lang='lat' dir='ltr'>volente</span> <span class='ocrx_word' id='word_1_41' title='bbox 1071 738 1175 783; x_wconf 90' lang='lat' dir='ltr'>Deo</span> <span class='ocrx_word' id='word_1_42' title='bbox 1215 736 1322 801; x_wconf 87' lang='lat' dir='ltr'>qui,</span> <span class='ocrx_word' id='word_1_43' title='bbox 1361 753 1474 783; x_wconf 92' lang='lat' dir='ltr'>cum</span> <span class='ocrx_word' id='word_1_44' title='bbox 1506 737 1638 797; x_wconf 89' lang='lat' dir='ltr'>vult,</span> 
     </span>
     <span class='ocr_line' id='line_1_8' title="bbox 213 807 1642 879; baseline 0.002 -20"><span class='ocrx_word' id='word_1_45' title='bbox 213 811 410 878; x_wconf 87' lang='lat' dir='ltr'>dissipat</span> <span class='ocrx_word' id='word_1_46' title='bbox 444 812 756 876; x_wconf 88' lang='lat' dir='ltr'>cogitationes</span> <span class='ocrx_word' id='word_1_47' title='bbox 780 807 1078 879; x_wconf 78' lang='lat' dir='ltr'>pOpulorum</span> <span class='ocrx_word' id='word_1_48' title='bbox 1110 822 1157 860; x_wconf 90' lang='lat' dir='ltr'>et</span> <span class='ocrx_word' id='word_1_49' title='bbox 1185 813 1414 879; x_wconf 90' lang='lat' dir='ltr'>reprobat</span> <span class='ocrx_word' id='word_1_50' title='bbox 1443 814 1642 862; x_wconf 88' lang='lat' dir='ltr'>consilia</span> 
     </span>
     <span class='ocr_line' id='line_1_9' title="bbox 213 882 1643 956; baseline 0.003 -20"><span class='ocrx_word' id='word_1_51' title='bbox 213 882 486 956; x_wconf 89' lang='lat' dir='ltr'>principum</span> <span class='ocrx_word' id='word_1_52' title='bbox 503 927 515 951; x_wconf 91' lang='lat'>,</span> <span class='ocrx_word' id='word_1_53' title='bbox 542 895 633 938; x_wconf 88' lang='lat' dir='ltr'>nec</span> <span class='ocrx_word' id='word_1_54' title='bbox 665 891 840 938; x_wconf 92' lang='lat' dir='ltr'>ducem</span> <span class='ocrx_word' id='word_1_55' title='bbox 868 890 1069 938; x_wconf 85' lang='lat' dir='ltr'>Eboraci</span> <span class='ocrx_word' id='word_1_56' title='bbox 1101 907 1192 938; x_wconf 89' lang='lat' dir='ltr'>nec</span> <span class='ocrx_word' id='word_1_57' title='bbox 1218 908 1418 938; x_wconf 91' lang='lat' dir='ltr'>suorum</span> <span class='ocrx_word' id='word_1_58' title='bbox 1442 892 1562 946; x_wconf 88' lang='lat' dir='ltr'>ullas</span> <span class='ocrx_word' id='word_1_59' title='bbox 1586 893 1643 940; x_wconf 90' lang='lat' dir='ltr'>il-</span> 
     </span>
     <span class='ocr_line' id='line_1_10' title="bbox 165 964 1641 1030; baseline 0.002 -17"><span class='ocrx_word' id='word_1_60' title='bbox 165 1011 167 1013; x_wconf 75' lang='lat'>.</span> <span class='ocrx_word' id='word_1_61' title='bbox 212 964 274 1014; x_wconf 92' lang='lat' dir='ltr'>lic</span> <span class='ocrx_word' id='word_1_62' title='bbox 297 967 537 1015; x_wconf 88' lang='lat' dir='ltr'>custodias</span> <span class='ocrx_word' id='word_1_63' title='bbox 559 967 778 1030; x_wconf 80' lang='lat' dir='ltr'>offendit,</span> <span class='ocrx_word' id='word_1_64' title='bbox 806 977 854 1015; x_wconf 91' lang='lat' dir='ltr'>et</span> <span class='ocrx_word' id='word_1_65' title='bbox 877 968 939 1016; x_wconf 92' lang='lat' dir='ltr'>ad</span> <span class='ocrx_word' id='word_1_66' title='bbox 955 977 1166 1016; x_wconf 83' lang='lat' dir='ltr'>castrum</span> <span class='ocrx_word' id='word_1_67' title='bbox 1184 968 1482 1015; x_wconf 89' lang='lat' dir='ltr'>Confluentis</span> <span class='ocrx_word' id='word_1_68' title='bbox 1496 972 1523 1026; x_wconf 90' lang='lat'>¹,</span> <span class='ocrx_word' id='word_1_69' title='bbox 1542 986 1641 1016; x_wconf 89' lang='lat' dir='ltr'>non</span> 
     </span>
     <span class='ocr_line' id='line_1_11' title="bbox 214 1043 1645 1108; baseline 0.001 -16"><span class='ocrx_word' id='word_1_70' title='bbox 214 1043 275 1092; x_wconf 83' lang='lat' dir='ltr'>ab</span> <span class='ocrx_word' id='word_1_71' title='bbox 298 1044 412 1093; x_wconf 90' lang='lat' dir='ltr'>inde</span> <span class='ocrx_word' id='word_1_72' title='bbox 431 1045 637 1093; x_wconf 90' lang='lat' dir='ltr'>multum</span> <span class='ocrx_word' id='word_1_73' title='bbox 658 1056 916 1106; x_wconf 86' lang='lat' dir='ltr'>remotum,</span> <span class='ocrx_word' id='word_1_74' title='bbox 943 1056 1100 1094; x_wconf 89' lang='lat' dir='ltr'>tutum</span> <span class='ocrx_word' id='word_1_75' title='bbox 1131 1046 1456 1108; x_wconf 84' lang='lat' dir='ltr'>domicilium,</span> <span class='ocrx_word' id='word_1_76' title='bbox 1487 1064 1536 1095; x_wconf 90' lang='lat' dir='ltr'>se</span> <span class='ocrx_word' id='word_1_77' title='bbox 1572 1065 1645 1095; x_wconf 89' lang='lat' dir='ltr'>re-</span> 
     </span>
     <span class='ocr_line' id='line_1_12' title="bbox 213 1122 1643 1190; baseline 0.002 -21"><span class='ocrx_word' id='word_1_78' title='bbox 213 1123 356 1188; x_wconf 87' lang='lat' dir='ltr'>cepit.</span> <span class='ocrx_word' id='word_1_79' title='bbox 382 1122 643 1171; x_wconf 85' lang='lat' dir='ltr'>Dicebatur</span> <span class='ocrx_word' id='word_1_80' title='bbox 666 1124 797 1171; x_wconf 91' lang='lat' dir='ltr'>enim</span> <span class='ocrx_word' id='word_1_81' title='bbox 822 1134 920 1171; x_wconf 91' lang='lat' dir='ltr'>tam</span> <span class='ocrx_word' id='word_1_82' title='bbox 950 1125 1200 1190; x_wconf 85' lang='lat' dir='ltr'>parvulam</span> <span class='ocrx_word' id='word_1_83' title='bbox 1223 1125 1456 1190; x_wconf 90' lang='lat' dir='ltr'>temporis</span> <span class='ocrx_word' id='word_1_84' title='bbox 1478 1142 1643 1173; x_wconf 89' lang='lat' dir='ltr'>moru-</span> 
     </span>
     <span class='ocr_line' id='line_1_13' title="bbox 213 1200 1644 1268; baseline 0.002 -20"><span class='ocrx_word' id='word_1_85' title='bbox 213 1200 309 1249; x_wconf 89' lang='lat' dir='ltr'>lam</span> <span class='ocrx_word' id='word_1_86' title='bbox 328 1203 629 1267; x_wconf 78' lang='lat' dir='ltr'>praeteriisse,</span> <span class='ocrx_word' id='word_1_87' title='bbox 666 1203 799 1268; x_wconf 90' lang='lat' dir='ltr'>quod</span> <span class='ocrx_word' id='word_1_88' title='bbox 822 1221 909 1251; x_wconf 89' lang='lat' dir='ltr'>-rex</span> <span class='ocrx_word' id='word_1_89' title='bbox 935 1221 962 1251; x_wconf 92' lang='lat' dir='ltr'>e</span> <span class='ocrx_word' id='word_1_90' title='bbox 987 1203 1134 1251; x_wconf 91' lang='lat' dir='ltr'>cubili</span> <span class='ocrx_word' id='word_1_91' title='bbox 1160 1205 1390 1251; x_wconf 87' lang='lat' dir='ltr'>excitatus</span> <span class='ocrx_word' id='word_1_92' title='bbox 1413 1204 1644 1252; x_wconf 87' lang='lat' dir='ltr'>discesse-</span> 
     </span>
     <span class='ocr_line' id='line_1_14' title="bbox 214 1281 1639 1346; baseline 0.003 -20"><span class='ocrx_word' id='word_1_93' title='bbox 214 1289 313 1339; x_wconf 87' lang='lat' dir='ltr'>rat,</span> <span class='ocrx_word' id='word_1_94' title='bbox 345 1297 460 1328; x_wconf 91' lang='lat' dir='ltr'>cum</span> <span class='ocrx_word' id='word_1_95' title='bbox 494 1281 674 1346; x_wconf 82' lang='lat' dir='ltr'>Anglici</span> <span class='ocrx_word' id='word_1_96' title='bbox 706 1282 894 1329; x_wconf 85' lang='lat' dir='ltr'>Pissiaci</span> <span class='ocrx_word' id='word_1_97' title='bbox 934 1282 1280 1330; x_wconf 89' lang='lat' dir='ltr'>monasterium</span> <span class='ocrx_word' id='word_1_98' title='bbox 1313 1281 1639 1344; x_wconf 88' lang='lat' dir='ltr'>intraverunt,</span> 
     </span>
     <span class='ocr_line' id='line_1_15' title="bbox 214 1358 1639 1423; baseline 0.001 -18"><span class='ocrx_word' id='word_1_99' title='bbox 214 1358 347 1421; x_wconf 88' lang='lat' dir='ltr'>quod</span> <span class='ocrx_word' id='word_1_100' title='bbox 360 1358 519 1407; x_wconf 88' lang='lat' dir='ltr'>adhuc</span> <span class='ocrx_word' id='word_1_101' title='bbox 538 1359 709 1407; x_wconf 87' lang='lat' dir='ltr'>cubilis</span> <span class='ocrx_word' id='word_1_102' title='bbox 735 1360 808 1407; x_wconf 91' lang='lat' dir='ltr'>sui</span> <span class='ocrx_word' id='word_1_103' title='bbox 829 1359 1106 1407; x_wconf 89' lang='lat' dir='ltr'>linteamina</span> <span class='ocrx_word' id='word_1_104' title='bbox 1121 1359 1323 1407; x_wconf 87' lang='lat' dir='ltr'>calentia</span> <span class='ocrx_word' id='word_1_105' title='bbox 1337 1360 1639 1423; x_wconf 87' lang='lat' dir='ltr'>invenerunt,</span> 
     </span>
     <span class='ocr_line' id='line_1_16' title="bbox 215 1437 1644 1503; baseline 0.002 -21"><span class='ocrx_word' id='word_1_106' title='bbox 215 1444 312 1482; x_wconf 88' lang='lat' dir='ltr'>tam</span> <span class='ocrx_word' id='word_1_107' title='bbox 338 1453 505 1484; x_wconf 86' lang='lat' dir='ltr'>recens</span> <span class='ocrx_word' id='word_1_108' title='bbox 535 1447 635 1485; x_wconf 88' lang='lat' dir='ltr'>erat</span> <span class='ocrx_word' id='word_1_109' title='bbox 659 1437 793 1501; x_wconf 85' lang='lat' dir='ltr'>quod</span> <span class='ocrx_word' id='word_1_110' title='bbox 821 1454 904 1484; x_wconf 90' lang='lat' dir='ltr'>rex</span> <span class='ocrx_word' id='word_1_111' title='bbox 926 1454 982 1485; x_wconf 93' lang='lat' dir='ltr'>ex</span> <span class='ocrx_word' id='word_1_112' title='bbox 1013 1454 1101 1485; x_wconf 91' lang='lat' dir='ltr'>suo</span> <span class='ocrx_word' id='word_1_113' title='bbox 1128 1437 1251 1485; x_wconf 89' lang='lat' dir='ltr'>lecto</span> <span class='ocrx_word' id='word_1_114' title='bbox 1286 1437 1644 1503; x_wconf 79' lang='lat' dir='ltr'>expergefactus</span> 
     </span>
     <span class='ocr_line' id='line_1_17' title="bbox 213 1512 771 1579; baseline 0.004 -20"><span class='ocrx_word' id='word_1_115' title='bbox 213 1512 476 1562; x_wconf 86' lang='lat' dir='ltr'>exsiliisset.</span> <span class='ocrx_word' id='word_1_116' title='bbox 768 1576 771 1579; x_wconf 9' lang='grc' dir='ltr'>ἱ</span> 
     </span>
    </p>

    <p class='ocr_par' dir='ltr' id='par_1_4' title="bbox 212 1590 1645 2592">
     <span class='ocr_line' id='line_1_18' title="bbox 280 1590 1640 1656; baseline 0.002 -18"><span class='ocrx_word' id='word_1_117' title='bbox 280 1592 506 1655; x_wconf 86' lang='lat' dir='ltr'>Regresso</span> <span class='ocrx_word' id='word_1_118' title='bbox 539 1591 682 1656; x_wconf 85' lang='lat' dir='ltr'>igitur</span> <span class='ocrx_word' id='word_1_119' title='bbox 719 1592 768 1638; x_wconf 93' lang='lat' dir='ltr'>in</span> <span class='ocrx_word' id='word_1_120' title='bbox 794 1592 1142 1639; x_wconf 83' lang='lat' dir='ltr'>Normanniam</span> <span class='ocrx_word' id='word_1_121' title='bbox 1170 1607 1281 1639; x_wconf 90' lang='lat' dir='ltr'>cum</span> <span class='ocrx_word' id='word_1_122' title='bbox 1310 1590 1640 1653; x_wconf 86' lang='lat' dir='ltr'>festinatione,</span> 
     </span>
     <span class='ocr_line' id='line_1_19' title="bbox 212 1668 1643 1730; baseline 0.002 -15"><span class='ocrx_word' id='word_1_123' title='bbox 212 1677 267 1715; x_wconf 92' lang='lat' dir='ltr'>ut</span> <span class='ocrx_word' id='word_1_124' title='bbox 297 1668 527 1728; x_wconf 88' lang='lat' dir='ltr'>diximus,</span> <span class='ocrx_word' id='word_1_125' title='bbox 564 1669 692 1716; x_wconf 91' lang='lat' dir='ltr'>duce</span> <span class='ocrx_word' id='word_1_126' title='bbox 727 1669 930 1717; x_wconf 88' lang='lat' dir='ltr'>Eboraci</span> <span class='ocrx_word' id='word_1_127' title='bbox 964 1686 1076 1716; x_wconf 87' lang='lat' dir='ltr'>cum</span> <span class='ocrx_word' id='word_1_128' title='bbox 1117 1686 1204 1716; x_wconf 91' lang='lat' dir='ltr'>suo</span> <span class='ocrx_word' id='word_1_129' title='bbox 1237 1668 1445 1716; x_wconf 86' lang='lat' dir='ltr'>exercitu</span> <span class='ocrx_word' id='word_1_130' title='bbox 1466 1707 1478 1730; x_wconf 89' lang='lat'><strong><em>‚</em></strong></span> <span class='ocrx_word' id='word_1_131' title='bbox 1519 1669 1643 1718; x_wconf 88' lang='lat' dir='ltr'>fame</span> 
     </span>
     <span class='ocr_line' id='line_1_20' title="bbox 214 1746 1645 1812; baseline 0.001 -19"><span class='ocrx_word' id='word_1_132' title='bbox 214 1746 530 1811; x_wconf 85' lang='lat' dir='ltr'>plurimisque</span> <span class='ocrx_word' id='word_1_133' title='bbox 553 1747 725 1795; x_wconf 92' lang='lat' dir='ltr'>inediis</span> <span class='ocrx_word' id='word_1_134' title='bbox 748 1747 972 1795; x_wconf 89' lang='lat' dir='ltr'>confecto</span> <span class='ocrx_word' id='word_1_135' title='bbox 987 1785 998 1807; x_wconf 94' lang='lat'>,</span> <span class='ocrx_word' id='word_1_136' title='bbox 1021 1764 1120 1809; x_wconf 84' lang='lat' dir='ltr'>rex,</span> <span class='ocrx_word' id='word_1_137' title='bbox 1141 1748 1225 1812; x_wconf 92' lang='lat' dir='ltr'>qui</span> <span class='ocrx_word' id='word_1_138' title='bbox 1247 1764 1349 1794; x_wconf 92' lang='lat' dir='ltr'>non</span> <span class='ocrx_word' id='word_1_139' title='bbox 1373 1747 1645 1812; x_wconf 89' lang='lat' dir='ltr'>proculab-</span> 
     </span>
     <span class='ocr_line' id='line_1_21' title="bbox 213 1825 1638 1885; baseline 0.002 -15"><span class='ocrx_word' id='word_1_140' title='bbox 213 1833 339 1885; x_wconf 84' lang='lat' dir='ltr'>erat,</span> <span class='ocrx_word' id='word_1_141' title='bbox 362 1825 426 1873; x_wconf 85' lang='lat' dir='ltr'>ad</span> <span class='ocrx_word' id='word_1_142' title='bbox 445 1842 580 1881; x_wconf 88' lang='lat' dir='ltr'>suam</span> <span class='ocrx_word' id='word_1_143' title='bbox 605 1826 863 1874; x_wconf 84' lang='lat' dir='ltr'>Pontisarae</span> <span class='ocrx_word' id='word_1_144' title='bbox 897 1826 1206 1874; x_wconf 90' lang='lat' dir='ltr'>obsidionem</span> <span class='ocrx_word' id='word_1_145' title='bbox 1237 1825 1365 1872; x_wconf 88' lang='lat' dir='ltr'>illico</span> <span class='ocrx_word' id='word_1_146' title='bbox 1392 1827 1638 1874; x_wconf 87' lang='lat' dir='ltr'>remeavit.</span> 
     </span>
     <span class='ocr_line' id='line_1_22' title="bbox 213 1901 1643 1970; baseline 0.001 -21"><span class='ocrx_word' id='word_1_147' title='bbox 213 1901 308 1950; x_wconf 89' lang='lat' dir='ltr'>Sed</span> <span class='ocrx_word' id='word_1_148' title='bbox 348 1919 462 1950; x_wconf 91' lang='lat' dir='ltr'>cum</span> <span class='ocrx_word' id='word_1_149' title='bbox 492 1913 539 1951; x_wconf 91' lang='lat' dir='ltr'>et</span> <span class='ocrx_word' id='word_1_150' title='bbox 561 1905 662 1970; x_wconf 92' lang='lat' dir='ltr'>ipse</span> <span class='ocrx_word' id='word_1_151' title='bbox 691 1913 737 1951; x_wconf 90' lang='lat' dir='ltr'>et</span> <span class='ocrx_word' id='word_1_152' title='bbox 759 1904 833 1950; x_wconf 92' lang='lat' dir='ltr'>sui</span> <span class='ocrx_word' id='word_1_153' title='bbox 867 1903 1040 1951; x_wconf 87' lang='lat' dir='ltr'>milites</span> <span class='ocrx_word' id='word_1_154' title='bbox 1066 1919 1270 1951; x_wconf 83' lang='lat' dir='ltr'>annonae</span> <span class='ocrx_word' id='word_1_155' title='bbox 1310 1902 1643 1951; x_wconf 85' lang='lat' dir='ltr'>difficultatem</span> 
     </span>
     <span class='ocr_line' id='line_1_23' title="bbox 213 1981 1644 2047; baseline 0.002 -21"><span class='ocrx_word' id='word_1_156' title='bbox 213 1995 313 2026; x_wconf 86' lang='lat' dir='ltr'>non</span> <span class='ocrx_word' id='word_1_157' title='bbox 337 1996 536 2046; x_wconf 91' lang='lat' dir='ltr'>parvam</span> <span class='ocrx_word' id='word_1_158' title='bbox 557 1990 861 2047; x_wconf 85' lang='lat' dir='ltr'>paterentur,</span> <span class='ocrx_word' id='word_1_159' title='bbox 885 1991 1082 2047; x_wconf 88' lang='lat' dir='ltr'>propter</span> <span class='ocrx_word' id='word_1_160' title='bbox 1109 1981 1367 2046; x_wconf 86' lang='lat' dir='ltr'>adjacentis</span> <span class='ocrx_word' id='word_1_161' title='bbox 1386 1982 1644 2046; x_wconf 84' lang='lat' dir='ltr'>provinciae</span> 
     </span>
     <span class='ocr_line' id='line_1_24' title="bbox 215 2058 1641 2124; baseline 0.001 -19"><span class='ocrx_word' id='word_1_162' title='bbox 215 2058 481 2110; x_wconf 84' lang='lat' dir='ltr'>vastitatem</span> <span class='ocrx_word' id='word_1_163' title='bbox 511 2074 568 2106; x_wconf 86' lang='lat' dir='ltr'>ac</span> <span class='ocrx_word' id='word_1_164' title='bbox 602 2058 954 2117; x_wconf 87' lang='lat' dir='ltr'>desertionem,</span> <span class='ocrx_word' id='word_1_165' title='bbox 989 2075 1142 2124; x_wconf 91' lang='lat' dir='ltr'>prope</span> <span class='ocrx_word' id='word_1_166' title='bbox 1180 2059 1268 2105; x_wconf 87' lang='lat' dir='ltr'>fuit</span> <span class='ocrx_word' id='word_1_167' title='bbox 1301 2068 1383 2118; x_wconf 90' lang='lat' dir='ltr'>ut,</span> <span class='ocrx_word' id='word_1_168' title='bbox 1423 2058 1641 2106; x_wconf 83' lang='lat' dir='ltr'>inefficax</span> 
     </span>
     <span class='ocr_line' id='line_1_25' title="bbox 214 2134 1641 2198; baseline 0 -15"><span class='ocrx_word' id='word_1_169' title='bbox 214 2134 404 2198; x_wconf 86' lang='lat' dir='ltr'>abiens,</span> <span class='ocrx_word' id='word_1_170' title='bbox 430 2153 566 2186; x_wconf 89' lang='lat' dir='ltr'>suam</span> <span class='ocrx_word' id='word_1_171' title='bbox 590 2136 795 2184; x_wconf 84' lang='lat' dir='ltr'>solveret</span> <span class='ocrx_word' id='word_1_172' title='bbox 817 2137 1140 2185; x_wconf 87' lang='lat' dir='ltr'>obsidionem.</span> <span class='ocrx_word' id='word_1_173' title='bbox 1164 2139 1507 2185; x_wconf 89' lang='lat' dir='ltr'>Verumtamen</span> <span class='ocrx_word' id='word_1_174' title='bbox 1531 2154 1641 2184; x_wconf 91' lang='lat' dir='ltr'>cum</span> 
     </span>
     <span class='ocr_line' id='line_1_26' title="bbox 216 2213 1643 2280; baseline 0.001 -19"><span class='ocrx_word' id='word_1_175' title='bbox 216 2214 313 2262; x_wconf 92' lang='lat' dir='ltr'>suis</span> <span class='ocrx_word' id='word_1_176' title='bbox 335 2214 537 2262; x_wconf 91' lang='lat' dir='ltr'>ducibus</span> <span class='ocrx_word' id='word_1_177' title='bbox 560 2213 725 2263; x_wconf 88' lang='lat' dir='ltr'>habita</span> <span class='ocrx_word' id='word_1_178' title='bbox 746 2231 890 2280; x_wconf 92' lang='lat' dir='ltr'>super</span> <span class='ocrx_word' id='word_1_179' title='bbox 905 2214 1002 2262; x_wconf 91' lang='lat' dir='ltr'>hoc</span> <span class='ocrx_word' id='word_1_180' title='bbox 1020 2214 1366 2262; x_wconf 84' lang='lat' dir='ltr'>deliberatione</span> <span class='ocrx_word' id='word_1_181' title='bbox 1379 2251 1392 2272; x_wconf 88' lang='lat'>‚</span> <span class='ocrx_word' id='word_1_182' title='bbox 1423 2215 1643 2262; x_wconf 89' lang='lat' dir='ltr'>omnium</span> 
     </span>
     <span class='ocr_line' id='line_1_27' title="bbox 216 2291 1639 2358; baseline 0.001 -19"><span class='ocrx_word' id='word_1_183' title='bbox 216 2291 266 2339; x_wconf 89' lang='lat' dir='ltr'>in</span> <span class='ocrx_word' id='word_1_184' title='bbox 291 2291 386 2340; x_wconf 93' lang='lat' dir='ltr'>hoc</span> <span class='ocrx_word' id='word_1_185' title='bbox 408 2293 645 2340; x_wconf 89' lang='lat' dir='ltr'>sententia</span> <span class='ocrx_word' id='word_1_186' title='bbox 667 2293 844 2340; x_wconf 89' lang='lat' dir='ltr'>resedit</span> <span class='ocrx_word' id='word_1_187' title='bbox 866 2293 1024 2357; x_wconf 90' lang='lat' dir='ltr'>quod,</span> <span class='ocrx_word' id='word_1_188' title='bbox 1053 2293 1336 2358; x_wconf 82' lang='lat' dir='ltr'>priusquam</span> <span class='ocrx_word' id='word_1_189' title='bbox 1363 2292 1415 2340; x_wconf 90' lang='lat' dir='ltr'>id</span> <span class='ocrx_word' id='word_1_190' title='bbox 1437 2292 1613 2341; x_wconf 88' lang='lat' dir='ltr'>faceret</span> <span class='ocrx_word' id='word_1_191' title='bbox 1627 2329 1639 2353; x_wconf 88' lang='lat'>‚</span> 
     </span>
     <span class='ocr_line' id='line_1_28' title="bbox 217 2369 1644 2436; baseline 0.001 -20"><span class='ocrx_word' id='word_1_192' title='bbox 217 2369 331 2416; x_wconf 88' lang='lat' dir='ltr'>totis</span> <span class='ocrx_word' id='word_1_193' title='bbox 351 2369 532 2418; x_wconf 86' lang='lat' dir='ltr'>viribus</span> <span class='ocrx_word' id='word_1_194' title='bbox 555 2371 791 2436; x_wconf 90' lang='lat' dir='ltr'>oppidum</span> <span class='ocrx_word' id='word_1_195' title='bbox 816 2370 1153 2435; x_wconf 83' lang='lat' dir='ltr'>aggrederetur</span> <span class='ocrx_word' id='word_1_196' title='bbox 1174 2387 1466 2436; x_wconf 88' lang='lat' dir='ltr'>expugnare,</span> <span class='ocrx_word' id='word_1_197' title='bbox 1493 2387 1578 2431; x_wconf 87' lang='lat' dir='ltr'>ne,</span> <span class='ocrx_word' id='word_1_198' title='bbox 1604 2372 1644 2419; x_wconf 93' lang='lat' dir='ltr'>si</span> 
     </span>
     <span class='ocr_line' id='line_1_29' title="bbox 217 2446 1645 2513; baseline 0.001 -19"><span class='ocrx_word' id='word_1_199' title='bbox 217 2446 314 2494; x_wconf 91' lang='lat' dir='ltr'>hoc</span> <span class='ocrx_word' id='word_1_200' title='bbox 342 2447 540 2498; x_wconf 87' lang='lat' dir='ltr'>minime</span> <span class='ocrx_word' id='word_1_201' title='bbox 569 2458 800 2497; x_wconf 87' lang='lat' dir='ltr'>attentato</span> <span class='ocrx_word' id='word_1_202' title='bbox 822 2449 1087 2496; x_wconf 89' lang='lat' dir='ltr'>discederet</span> <span class='ocrx_word' id='word_1_203' title='bbox 1104 2485 1116 2508; x_wconf 90' lang='lat'>,</span> <span class='ocrx_word' id='word_1_204' title='bbox 1147 2449 1407 2513; x_wconf 84' lang='lat' dir='ltr'>inglorium</span> <span class='ocrx_word' id='word_1_205' title='bbox 1430 2450 1572 2496; x_wconf 90' lang='lat' dir='ltr'>nimis</span> <span class='ocrx_word' id='word_1_206' title='bbox 1597 2459 1645 2496; x_wconf 92' lang='lat' dir='ltr'>et</span> 
     </span>
     <span class='ocr_line' id='line_1_30' title="bbox 219 2523 1643 2592; baseline 0.001 -22"><span class='ocrx_word' id='word_1_207' title='bbox 219 2523 505 2572; x_wconf 81' lang='lat' dir='ltr'>indecorum</span> <span class='ocrx_word' id='word_1_208' title='bbox 536 2525 626 2574; x_wconf 90' lang='lat' dir='ltr'>sibi</span> <span class='ocrx_word' id='word_1_209' title='bbox 657 2536 958 2592; x_wconf 88' lang='lat' dir='ltr'>reputaretur</span> <span class='ocrx_word' id='word_1_210' title='bbox 990 2527 1038 2573; x_wconf 91' lang='lat' dir='ltr'>in</span> <span class='ocrx_word' id='word_1_211' title='bbox 1078 2537 1325 2591; x_wconf 89' lang='lat' dir='ltr'>posterum</span> <span class='ocrx_word' id='word_1_212' title='bbox 1357 2545 1367 2574; x_wconf 72' lang='grc' dir='ltr'>ε</span> <span class='ocrx_word' id='word_1_213' title='bbox 1395 2543 1483 2592; x_wconf 90' lang='lat' dir='ltr'>per</span> <span class='ocrx_word' id='word_1_214' title='bbox 1510 2526 1643 2590; x_wconf 91' lang='lat' dir='ltr'>quod</span> 
     </span>
    </p>
   </div>
   <div class='ocr_carea' id='block_1_4' title="bbox 219 2601 1642 2728">
    <p class='ocr_par' dir='ltr' id='par_1_5' title="bbox 219 2601 1642 2728">
     <span class='ocr_line' id='line_1_31' title="bbox 219 2601 1642 2667; baseline 0.002 -19"><span class='ocrx_word' id='word_1_215' title='bbox 219 2601 500 2649; x_wconf 86' lang='lat' dir='ltr'>animositas</span> <span class='ocrx_word' id='word_1_216' title='bbox 525 2603 680 2667; x_wconf 87' lang='lat' dir='ltr'>major</span> <span class='ocrx_word' id='word_1_217' title='bbox 718 2614 767 2652; x_wconf 89' lang='lat' dir='ltr'>et</span> <span class='ocrx_word' id='word_1_218' title='bbox 799 2604 999 2653; x_wconf 88' lang='lat' dir='ltr'>audacia</span> <span class='ocrx_word' id='word_1_219' title='bbox 1028 2603 1250 2652; x_wconf 84' lang='lat' dir='ltr'>hostibus</span> <span class='ocrx_word' id='word_1_220' title='bbox 1278 2606 1376 2653; x_wconf 92' lang='lat' dir='ltr'>suis</span> <span class='ocrx_word' id='word_1_221' title='bbox 1411 2605 1642 2653; x_wconf 89' lang='lat' dir='ltr'>verisimi-</span> 
     </span>
     <span class='ocr_line' id='line_1_32' title="bbox 220 2678 648 2728; baseline 0.007 -3"><span class='ocrx_word' id='word_1_222' title='bbox 220 2678 326 2726; x_wconf 89' lang='lat' dir='ltr'>liter</span> <span class='ocrx_word' id='word_1_223' title='bbox 346 2690 648 2728; x_wconf 85' lang='lat' dir='ltr'>accresceret.</span> 
     </span>
    </p>
   </div>
   <div class='ocr_carea' id='block_1_5' title="bbox 276 2853 1614 2914">
    <p class='ocr_par' dir='ltr' id='par_1_6' title="bbox 276 2853 1614 2914">
     <span class='ocr_line' id='line_1_33' title="bbox 276 2853 1614 2914; baseline 0.003 -22"><span class='ocrx_word' id='word_1_224' title='bbox 276 2855 314 2892; x_wconf 84' lang='lat'>1.</span> <span class='ocrx_word' id='word_1_225' title='bbox 345 2853 909 2906; x_wconf 81' lang='lat' dir='ltr'>conflans-Sainte-Honorine,</span> <span class='ocrx_word' id='word_1_226' title='bbox 927 2856 1017 2907; x_wconf 75' lang='lat' dir='ltr'>pres</span> <span class='ocrx_word' id='word_1_227' title='bbox 1036 2855 1085 2895; x_wconf 84' lang='lat' dir='ltr'>de</span> <span class='ocrx_word' id='word_1_228' title='bbox 1103 2854 1466 2914; x_wconf 22' lang='lat' dir='ltr'>l’embouchurelde</span> <span class='ocrx_word' id='word_1_229' title='bbox 1483 2854 1614 2909; x_wconf 75' lang='lat' dir='ltr'>l&#39;Oise.</span> 
     </span>
    </p>
   </div>
  </div>
 </body>
</html>
