2086 3528
597 412 615 424 O

593 486 826 545 INDEX
871 484 1412 546 CAPITULORUM

526 635 568 659 110
609 635 690 667 QUAE
727 635 971 661 manuisum
1014 635 1194 660 mswoulae
1227 633 1362 658 cnon
1390 633 1461 657 vn.

868 796 1126 835 PRAEFATIO

283 890 326 924 In
341 890 452 926 libros
472 890 700 926 historiarum
719 891 765 926 de
781 892 887 927 rebus
904 892 1008 940 gestis
1026 891 1248 939 temporibus
1264 890 1383 926 Caroli
1396 891 1470 925 VII
1485 898 1519 924 et
1538 850 1708 924 Ian-”Gn

331 948 452 984 dovici
466 949 520 984 XI
529 976 540 994 ‚
557 950 778 986 Francorum
792 964 915 1000 regum
924 975 1607 988 .............................
1687 951 1703 983 1

817 1054 956 1089 LIBER
983 1054 1178 1089 PRIMUS.

282 1135 498 1170 Cum-num
512 1147 727 1172 ramum—
738 1137 791 1171 Ex
804 1149 874 1183 qua
886 1137 1082 1172 calamitate
1094 1137 1131 1171 in
1147 1136 1417 1184 prosperitatem
1429 1147 1484 1170 res
1498 1135 1612 1182 regni,

332 1195 437 1242 hujus
452 1195 571 1231 Caroli
587 1209 695 1244 opera
711 1224 720 1240 ‚
738 1209 844 1231 versae
860 1197 991 1232 fuerint
998 1220 1610 1232 ..........................
1688 1197 1709 1230 3

284 1272 498 1308 Cunnum
517 1286 557 1309 11.
577 1293 625 1300 ——
640 1274 780 1317 Quibus
804 1287 845 1310 ex
871 1274 984 1308 causis
1004 1273 1128 1308 odium
1150 1274 1278 1309 exarsit
1306 1274 1397 1308 inter
1416 1273 1612 1314 Joannem,

332 1333 461 1368 ducem
476 1334 786 1382 Burgundionum,
805 1344 838 1370 et
855 1335 1159 1370 Aurelianensium
1178 1334 1305 1369 ducem
1311 1359 1606 1370 .............
1688 1333 1710 1366 5

283 1412 496 1446 Curi-unum
511 1424 564 1446 m.
583 1431 629 1439 —
642 1412 729 1455 Quae
746 1411 871 1446 callide
892 1413 1067 1455 Joannes‚
1088 1411 1162 1446 dux
1184 1409 1502 1457 Burgundionum,
1524 1421 1615 1456 prae-

331 1479 452 1518 parata
471 1471 553 1506 fecit
575 1471 780 1518 priusquam
803 1473 1084 1519 peremptionem
1112 1470 1373 1506 Aurelianensis
1398 1468 1499 1504 ducis
1516 1482 1618 1504 exse-

331 1530 466 1564 cutioni
487 1529 675 1565 mandaret
683 1555 1611 1566 .......................................
1692 1529 1711 1561 7

283 1608 498 1643 Cum-unm
513 1620 564 1642 ιν.
578 1608 828 1651 —Quomodo
845 1609 999 1644 fautores
1014 1608 1114 1644 ducis
1125 1607 1386 1643 Aurelianensis
1401 1608 1476 1654 ejus
1491 1619 1613 1641 necem

331 1666 451 1701 ulcisci
475 1675 673 1702 statuerunt
681 1691 1608 1704 .......................................
1687 1668 1710 1701 9

282 1745 495 1780 Capu-unm
511 1755 549 1781 v.
559 1745 776 1792 —Direptio
792 1755 826 1780 et
842 1746 1020 1781 calamitas
1035 1745 1183 1781 civitatis
1196 1744 1438 1787 Suessionum,
1455 1745 1617 1790 Burgun-

331 1802 482 1838 dionum
501 1803 586 1838 duci
603 1804 751 1839 faventis
757 1829 1608 1841 ....................................
1667 1805 1710 1837 13

282 1882 497 1918 Carnium
511 1894 561 1918 vx.
579 1901 626 1909 -—
643 1882 699 1917 Ob
716 1895 801 1928 quas
818 1896 938 1918 causas
956 1883 1145 1927 Henricus‚
1157 1895 1217 1917 rex
1236 1882 1450 1929 Anglorum,
1466 1894 1614 1929 regnum

330 1941 550 1975 Francorum
574 1941 617 1975 sit
636 1953 817 1988 aggressus
824 1965 1608 1977 .................................
1667 1941 1710 1974 16

282 2016 498 2052 Cum-nunu
512 2029 576 2054 vu.
593 2037 641 2044 -
658 2018 819 2061 Qualiter
833 2018 1032 2065 Anglorum
1049 2031 1110 2052 rex
1126 2017 1348 2053 Hareflutum
1363 2016 1538 2065 oppidum
1555 2017 1616 2051 ob-

330 2076 420 2111 sedit
442 2085 477 2112 et
498 2077 654 2112 obtinuit
662 2102 1608 2114 ........................................
1668 2078 1710 2111 18

281 2153 495 2190 Cum-mm
512 2167 588 2191 vm.
608 2175 656 2183 —·
671 2155 866 2199 Quomodo
882 2168 944 2190 rex
962 2156 1159 2202 Anglorum
1175 2167 1240 2202 per
1257 2154 1489 2190 Caletensium
1512 2166 1616 2200 agros

327 2214 366 2248 in
382 2214 582 2250 Picardiam
603 2227 686 2249 cum
703 2228 769 2250 suo
790 2215 946 2250 exercitu
966 2215 1061 2250 venit
1070 2238 1608 2250 .......................
1667 2214 1709 2248 19

285 2291 499 2326 CAmquM
519 2304 566 2326 lx.
586 2312 633 2320 -—
651 2292 814 2327 Praelium
832 2291 929 2339 apud
955 2293 1122 2338 Agincort
1138 2292 1229 2326 inter
1247 2292 1402 2326 Francos
1417 2299 1451 2325 et
1468 2290 1614 2338 Anglos.
1664 2290 1708 2324 2⁶.)

283 2369 497 2404 Csrrrunmu
514 2382 548 2404 x.
563 2390 601 2396 —
625 2370 785 2414 Qualiter
802 2371 1000 2417 Anglorum
1016 2383 1093 2412 rex,
1112 2378 1298 2416 postquam
1313 2368 1476 2416 praelium
1491 2380 1616 2415 perac-

329 2436 405 2462 tum
422 2428 504 2470 fuit,
523 2429 686 2476 Angliam
702 2430 814 2476 petiit.
835 2430 878 2463 Et
894 2442 971 2475 quae
986 2429 1129 2463 interim
1145 2437 1218 2463 tam
1231 2442 1296 2475 per
1310 2441 1390 2462 eum
1404 2457 1412 2471 ‚
1430 2418 1537 2474 qnam
1552 2440 1616 2474 per

330 2487 502 2531 Francos,
521 2497 615 2535 gesta
631 2489 763 2523 fuerint
778 2502 843 2536 per
858 2489 1058 2532 biennium,
1076 2501 1148 2535 quo
1165 2489 1202 2523 in
1221 2488 1345 2535 Anglia
1363 2488 1455 2522 stetit
1459 2513 1609 2522 .......
1664 2487 1709 2520 24

282 2564 497 2599 Cannium
513 2577 562 2599 XI.
581 2584 628 2592 -—
644 2566 696 2598 De
713 2564 881 2599 descensu
896 2564 1055 2600 secundo
1065 2565 1226 2608 Hem-ici,
1246 2565 1445 2610 Anglorum
1456 2563 1559 2610 regis,
1578 2562 1615 2596 in

328 2624 586 2658 Normanniam
603 2626 699 2671 apud
717 2625 866 2659 'rolcam
875 2647 1608 2660 .............................
1663 2622 1708 2656 26

282 2705 494 2738 Cur-runnu
511 2715 574 2737 ΧΠ.
591 2722 639 2729 —-
654 2703 834 2749 Ingressus
851 2702 1151 2750 Burgundionum
1177 2701 1278 2735 ducis
1302 2700 1339 2734 in
1365 2700 1489 2734 urbem
1513 2698 1615 2733 Pari-

331 2761 479 2796 siensem
493 2788 502 2805 ‚
522 2769 553 2795 et
570 2773 647 2807 quae
663 2760 774 2795 caedes
791 2769 825 2795 et
842 2760 1066 2805 crudelitates
1081 2761 1152 2794 illic
1166 2759 1319 2794 subinde
1334 2766 1418 2792 actae
1434 2758 1503 2791 sint
1507 2781 1608 2792 .....
1664 2757 1710 2790 28

283 2836 496 2872 Cannium
514 2849 590 2872 xm.
610 2856 659 2863 —
673 2836 833 2879 Qualiter
860 2836 943 2870 urbs
966 2837 1230 2882 Rothomagum
1255 2835 1299 2868 ab
1321 2834 1521 2880 Anglorum
1535 2845 1616 2879 rege

333 2896 470 2930 obsessa
487 2904 520 2930 et
538 2903 637 2942 capta
655 2895 738 2929 fuit,
777 2917 1608 2930 ...................................
1665 2892 1709 2925 32
