2086 3528
834 374 980 417 mnan
1007 374 1234 427 omarus.
1663 375 1739 417 299

324 474 380 508 ac
405 457 710 509 decantatum
734 461 906 521 fuerat,
939 462 1071 527 quod
1098 462 1396 520 Edoardum‚
1425 459 1576 509 filium
1599 479 1740 509 suum

322 538 648 604 impuberem,
677 556 776 586 non
797 556 854 587 ex
871 541 1041 587 marito
1062 557 1150 587 suo
1174 540 1397 597 Henrico,
1422 539 1505 587 sed
1531 557 1587 587 ex
1604 539 1739 587 adul-

322 617 441 664 terio
460 617 775 683 suscepisset¹.
797 621 913 676 Quae
927 612 1343 679 contumelia,'alta
1357 627 1516 665 mente
1530 627 1736 683 reposta,

321 693 371 741 in
419 693 583 743 odium
631 695 989 743 acerbissimum
1031 695 1092 743 ad
1139 695 1363 744 eumdem
1410 697 1634 744 comitem
1679 696 1740 743 de

324 773 551 820 Warviclz
581 783 627 820 et
657 790 851 821 suarum
887 774 1094 821 fautores
1125 774 1333 839 partium
1367 773 1586 821 eamdem
1624 774 1741 838 regi-

320 866 433 898 nam
461 851 857 900 inflammaverat.
893 852 1156 899 Contractis
1177 852 1319 916 igitur
1349 852 1561 917 undique
1589 853 1741 917 copiis

318 945 406 993 per
432 929 611 977 dictum
639 929 880 993 juniorem
917 929 1148 977 comitem⁸
1171 929 1232 977 de
1265 933 1336 977 W
1332 930 1513 991 arvich,
1540 930 1623 994 qui
1648 930 1742 978 cal-

318 1005 442 1054 lidus
465 1007 731 1056 admodum
761 1017 807 1055 et
831 1007 1055 1056 factiosus
1086 1017 1211 1067 erat,
1239 1006 1414 1055 auxilio
1437 1007 1742 1055 Londonien-

292 1085 441 1132 vsium
474 1086 708 1133 maximus
745 1096 793 1133 et
827 1085 1146 1133 validissimus
1180 1085 1412 1154 exercitus
1445 1102 1501 1132 ex
1536 1085 1740 1151 popula·

317 1162 450 1210 ribus
470 1164 715 1229 potissime
731 1164 956 1211 collectus
977 1173 1062 1211 est.
1086 1162 1471 1228 Suggestionibus
1491 1164 1671 1229 quippe
1695 1174 1741 1211 et

318 1241 622 1290 suasionibus
665 1243 759 1290 suis
799 1242 1064 1290 maximum
1113 1242 1241 1289 idem
1282 1258 1444 1288 comes
1484 1242 1614 1306 apud
1657 1258 1741 1289 eos

318 1318 555 1367 creditum
587 1320 812 1370 habebat.
844 1322 913 1367 Eo
949 1320 1092 1384 igitur
1123 1328 1344 1379 auctore,
1382 1319 1741 1367 Londonienses

317 1397 480 1463 eisque
532 1398 747 1446 foederati
802 1398 1080 1448 Edoardum
1100 1434 1112 1459 ‚
1162 1397 1539 1463 primogenitum
1588 1395 1740 1445 filium

317 1475 453 1524 ducis
486 1476 724 1539 Eboraci,
773 1489 918 1542 quem
951 1491 1122 1523 caesum
1159 1475 1303 1523 fuisse
1331 1475 1736 1534 memoravimus,

317 1554 644 1615 accersientes,
665 1555 712 1601 in
731 1571 890 1618 regem
914 1569 1056 1600 suum
1082 1553 1252 1617 Angliae
1273 1569 1384 1600 eum
1403 1551 1737 1601 sublimarunt.

317 1633 428 1688 Quo
454 1632 594 1691 lactc,
625 1632 852 1680 audacter
881 1642 927 1679 et
957 1632 1173 1679 animose
1203 1625 1263 1678 ad
1295 1630 1637 1678 debellandum
1664 1649 1741 1679 re-

317 1725 423 1772 gem
452 1710 712 1757 Henricum
728 1746 740 1770 ‚
766 1710 848 1773 qui
872 1725 984 1757 cum
1009 1709 1171 1773 regina
1195 1717 1242 1756 et
1265 1724 1354 1756 suo
1383 1708 1592 1756 exercitu
1616 1709 1742 1757 circa

314 1786 589 1835 Eboracum
612 1805 660 1836 se
684 1788 974 1848 contulerat,
1000 1787 1201 1853 profecti
1226 1797 1362 1847 sunt3
1389 1803 1499 1834 cum
1523 1804 1622 1851 quo
1646 1804 1743 1834 cer-

317 1875 476 1913 tamen
511 1864 731 1913 ineuntes
752 1903 763 1925 ,
784 1865 994 1913 absente
1025 1875 1185 1912 tamen
1221 1866 1456 1926 Henrico,
1499 1866 1581 1929 qui
1617 1865 1741 1913 intra

315 1932 493 1992 moenia
538 1945 740 1992 civitatis
787 1944 1100 1993 Eboracensis
1141 1960 1242 1991 sese
1283 1942 1562 1991 continebat
1578 1978 1590 2002 ‚
1630 1960 1742 1990 cum

314 2022 539 2087 utrinque
567 2037 739 2087 magna
765 2023 809 2069 vi
832 2033 880 2069 et
902 2021 1126 2068 atrociter
1154 2031 1422 2086 pugnatum
1455 2031 1575 2068 esset
1592 2058 1604 2082 ‚
1633 2036 1742 2085 par-

313 2098 442 2147 tibus
470 2099 584 2147 dicti
607 2100 818 2148 Edoardi
841 2102 1030 2148 noviter
1055 2101 1104 2146 in
1130 2116 1333 2164 regnum
1363 2099 1514 2147 evecti
1544 2100 1743 2146 victoria

314 2178 481 2237 cessit,
527 2179 655 2226 caesis
698 2179 906 2244 fusisque
953 2179 1293 2225 Henricianis’.
1339 2181 1466 2225 Inter
1509 2177 1743 2243 plurimos

313 2265 474 2303 autem
511 2257 594 2321 qui
629 2274 687 2304 eo
725 2257 886 2324 praelio
919 2256 1220 2317 ceciderunt,
1259 2255 1432 2303 cecidit
1463 2255 1599 2302 miles
1624 2264 1741 2302 stre-

314 2334 570 2381 nuissimus
592 2345 640 2382 et
664 2335 947 2382 fortissimus
976 2334 1188 2381 Andreas
1213 2333 1438 2398 Tr0l0p³,
1465 2333 1549 2397 qui
1574 2332 1658 2379 diu
1692 2332 1740 2377 in

314 2412 494 2477 guerris
518 2413 724 2460 Franciae
754 2430 843 2478 pro
864 2408 982 2476 rege¹
997 2426 1085 2459 suo
1115 2412 1322 2458 Henrico
1342 2411 1586 2471 militarat3
1607 2409 1742 2472 cujus

315 2491 521 2538 maxime
544 2490 800 2549 industria,
828 2490 1032 2537 consilio
1062 2506 1118 2537 ac
1149 2488 1329 2536 viribus
1348 2526 1359 2548 ,
1386 2488 1579 2536 duobus
1610 2487 1742 2552 prio-

314 2567 446 2614 ribus
467 2567 638 2632 praeliis
661 2568 892 2615 Henricus
912 2585 995 2615 rex
1018 2568 1171 2615 victor
1193 2575 1419 2615 evaserat.

368 2673 407 2710 1.
443 2688 460 2703 «
483 2669 764 2722 Marg1·iete‚...
790 2683 866 2722 que
885 2684 929 2710 ce
948 2679 1073 2709 comte
1099 2671 1317 2720 (Warwick)
1338 2669 1443 2708 avoit
1467 2669 1534 2707 fait
1558 2667 1743 2720 prescher

312 2729 490 2769 ribaulde
505 2760 515 2778 ‚
534 2724 860 2778 mauvaise'lisse,
885 2739 923 2769 et
939 2743 1009 2769 son
1028 2731 1087 2769 fils
1105 2731 1295 2769 avoulche
1313 2738 1351 2769 et
1370 2742 1449 2768 non
1468 2729 1527 2767 fils
1547 2728 1596 2768 de
1613 2743 1697 2781 roy.
1721 2745 1738 2764 ι

313 2790 565 2837 Chastellain‚
587 2797 648 2829 ιιι·
668 2790 792 2841 partie
809 2819 819 2836 ‚
840 2790 902 2828 ch.
925 2796 1041 2831 cmm

368 2852 407 2887 2.
438 2849 599 2887 BataiHe
622 2849 670 2887 de
688 2851 870 2896 Towt0n‚
893 2852 943 2888 29
964 2864 1066 2888 mars
1084 2852 1202 2889 1461.

370 2914 407 2950 3.
439 2910 500 2950 Sir
519 2909 687 2948 Andrew
705 2909 876 2961 Troilop.
