2086 3528
689 350 840 388 LIBER
866 349 1067 389 PRIMUS.
1540 351 1558 386 1
1568 350 1591 387 3

665 550 1006 597 CAPITULUM
1040 551 1099 598 V.

238 693 402 743 Direptio
420 701 454 728 et
476 692 654 729 calamitas
678 691 828 727 civitatis
851 692 1080 728 Suessionum
1093 719 1104 738 ‚
1123 691 1421 740 Burgundionum
1439 691 1523 727 duci

795 752 955 790 faventis.

234 902 362 950 Inter
395 900 512 949 alias
545 917 660 948 vero
690 902 826 965 regni
860 900 1150 949 calamitates
1186 917 1286 948 non
1321 901 1598 949 omittamus

167 979 525 1029 lamentabilem
542 995 708 1027 casum
729 979 931 1027 civitatis
953 979 1263 1026 Suessionum
1285 979 1462 1027 referre
1478 1015 1491 1040 ,
1517 994 1600 1027 an-

169 1059 311 1124 tiquae
330 1057 528 1122 quidem
543 1068 688 1123 atque
712 1057 1083 1124 opulentissimae
1106 1055 1260 1118 urhis,
1284 1067 1331 1105 et
1352 1074 1460 1123 quae
1482 1056 1599 1104 olim

169 1139 314 1202 caput
333 1144 381 1182 et
401 1134 540 1183 sedes
562 1135 696 1199 regni
715 1135 867 1182 fuerat
886 1134 1081 1182 alterius
1106 1132 1318 1182 filiorum
1343 1135 1467 1200 regis
1488 1134 1599 1183 Clo-

167 1213 354 1274 dovici,
380 1214 530 1279 primi,
544 1231 602 1262 ex
624 1217 919 1261 Francorum
946 1211 1139 1277 regibus
1171 1213 1434 1262 christiani.

226 1295 371 1340 Erant
385 1292 426 1356 ej
433 1310 487 1340 us
501 1292 596 1340 loci
609 1292 735 1339 cives
746 1293 870 1339 inter
882 1301 1077 1339 caeteros
1090 1291 1250 1339 famati
1261 1293 1470 1357 partium
1485 1295 1601 1340 Bur-¹

172 1370 472 1434 gundionum
487 1371 773 1418 tenacissimi
783 1370 1076 1432 defensores,
1087 1379 1134 1417 et
1143 1371 1192 1417 in
1204 1387 1290 1419 sua
1305 1372 1494 1419 civitate
1503 1388 1605 1418 mu-

172 1449 407 1496 nitionem
437 1458 734 1496 armatorum
761 1448 822 1496 de
848 1447 1269 1513 Burgundionibus
1303 1460 1600 1516 receperant.

173 1529 294 1574 Cum
318 1536 480 1574 autem
505 1526 671 1576 militia
692 1536 991 1574 armatorum
1019 1527 1260 1590 regiorum
1285 1529 1435 1575 multa
1462 1529 1604 1576 nimis

174 1614 328 1653 castra
350 1605 476 1652 circa
503 1604 724 1651 eamdem
745 1604 985 1652 civitatem
1014 1621 1100 1669 per
1122 1604 1307 1668 aliquot
1331 1605 1432 1653 dies
1451 1607 1604 1655 locas-

173 1686 564 1747 set‚'statuerunt
587 1682 780 1729 tandem
799 1719 811 1743 ‚
849 1681 1054 1747 diruptis
1082 1682 1255 1731 ictibus
1289 1685 1606 1749 petrariarum

176 1759 439 1822 moenibus,
467 1759 681 1808 turribus
700 1769 748 1807 et
768 1761 1171 1826 propugnaculis,
1197 1761 1260 1809 ad
1283 1763 1606 1811 munitionem

174 1839 270 1886 loci
291 1839 492 1904 paratis,
519 1854 626 1886 eam
651 1838 831 1886 viribus
854 1855 1153 1905 oppugnare.
1181 1843 1339 1898 Quam
1363 1857 1464 1888 rem
1493 1842 1608 1889 totis

177 1917 382 1981 aggressi
400 1915 582 1964 viribus
610 1926 755 1981 atque
778 1916 1057 1977 conatibus,
1092 1927 1138 1965 et
1167 1918 1308 1965 simul
1331 1919 1608 1985 eisdemque

177 1995 457 2056 momentis,
481 1995 530 2041 in
549 1995 692 2042 variis
709 2004 757 2042 et
775 1995 973 2043 diversis
985 1995 1202 2061 partibus
1222 1997 1425 2045 civitatis
1442 2035 1454 2059 ,
1481 1997 1608 2046 vallo

178 2083 226 2122 et
249 2073 486 2122 moenibus
508 2074 743 2138 superatis
757 2111 770 2135 ,
796 2090 903 2122 eam
927 2075 974 2122 vi
997 2084 1044 2122 et
1072 2075 1218 2122 armis
1240 2086 1578 2141 expugnarunt
1593 2114 1606 2138 ‚

179 2153 308 2201 caesis
329 2162 431 2200 tum
456 2152 906 2218 Burgundionibus,
934 2164 982 2201 et
1014 2154 1260 2203 trucidatis
1291 2155 1477 2204 civibus
1509 2173 1613 2205 ma-

129 2288 136 2302 ,
175 2230 272 2294 jori
293 2247 350 2279 ex
371 2241 528 2297 parte,
555 2232 658 2280 aliis
680 2232 731 2278 in
754 2232 1081 2297 captivitatem
1103 2232 1341 2282 abductiS.
1369 2234 1495 2283 Urbs
1516 2236 1613 2283 ita-

181 2324 275 2372 que
294 2309 397 2374 ipsa
426 2319 538 2357 ante
558 2309 703 2374 longa
727 2319 856 2357 retro
879 2320 1015 2358 aetate
1037 2310 1215 2359 nobilis
1238 2322 1383 2377 atque
1408 2313 1612 2378 opulen-

184 2386 382 2446 tissima,
401 2387 451 2434 in
469 2387 631 2435 multis
650 2389 748 2434 suis
769 2387 982 2453 partibus
997 2400 1303 2438 concremata
1320 2400 1367 2438 et
1389 2391 1439 2438 in
1456 2401 1614 2439 totum

183 2463 371 2528 direpta
390 2474 438 2511 et
454 2464 786 2524 dehonestata,
799 2465 848 2512 in
864 2465 1076 2531 praedam
1095 2466 1328 2515 militibus
1341 2469 1497 2516 cessit.
1521 2468 1615 2517 Sed

186 2530 276 2589 nec
298 2543 387 2589 Dei
402 2544 608 2591 sacraria
622 2554 765 2609 atque
786 2545 981 2610 templa,
999 2555 1046 2592 et
1064 2545 1362 2594 nobilissima
1382 2557 1616 2594 monaste-

186 2622 258 2668 ria
293 2622 645 2671 monachorum
673 2633 816 2688 atque
854 2623 1119 2688 virginum,
1150 2642 1256 2690 quae
1278 2626 1373 2673 illic
1400 2624 1616 2690 magnifi-

188 2700 460 2747 centissima
481 2701 772 2763 exstiterant,
793 2701 928 2748 furor
939 2701 1125 2750 hostilis
1146 2704 1321 2753 intacta
1341 2704 1612 2768 reliquerat.

190 2780 402 2824 Fuerunt
448 2778 577 2825 enim
619 2778 762 2826 bonis
802 2796 938 2843 paene
978 2790 1026 2827 et
1060 2782 1360 2828 ornamentis
1392 2781 1618 2829 omnibus

193 2855 396 2921 spoliata
431 2865 576 2920 atque
598 2855 800 2916 nudata,
831 2857 895 2904 ita
920 2865 972 2905 ut
995 2874 1085 2905 nec
1108 2858 1259 2906 thecis
1289 2860 1444 2907 aureis
1474 2868 1616 2923 atque
