2086 3528
750 348 899 401 mutii
925 363 1126 404 PRIMUS.
1592 364 1644 401 25

233 456 333 495 tare
366 446 555 508 asserit,
585 445 801 493 animum
829 445 1061 507 intendit3
1087 445 1338 493 biennium
1370 445 1646 510 impartiens

232 524 457 573 exercitui
475 534 522 572 et
542 523 679 572 classi
700 523 1038 584 instaurandis,
1055 525 1207 572 multo
1224 522 1483 588 majoribus
1500 539 1645 588 quam

231 613 428 670 perante
445 602 700 664 habuerat,
725 602 843 650 dum
864 603 1019 668 prima
1038 604 1142 651 vice
1164 601 1398 668 oppidum
1419 601 1646 649 Harefloti

231 681 498 731 obsederat.
514 681 610 730 Sed
628 692 699 743 ut,
715 699 775 730 eo
797 681 1079 730 decurrente
1101 681 1330 747 temporis
1352 680 1521 746 spatio,
1545 697 1646 728 non

158 820 164 833 ,
230 760 521 826 quieverint¹
543 760 734 822 Franci,
760 761 845 825 qui
866 760 1124 808 Arminiaci
1142 758 1441 820 dicebantur,
1468 767 1516 806 et
1533 761 1648 806 Bur-

230 838 499 903 gundiones
521 838 776 888 acivilibus
794 839 890 886 suis
912 837 1303 887 contentionibus
1321 856 1332 897 3
1357 854 1448 903 pro
1472 837 1647 902 quibus

230 915 321 965 hac
342 926 389 965 et
411 916 540 978 illac,
563 933 675 965 cum
697 916 978 965 cohortibus
1000 926 1295 966 armatorum
1316 925 1460 981 atque
1477 917 1649 964 satelli-

229 1003 357 1056 tum,
372 1011 506 1044 arma
527 995 912 1043 circumferentes
930 1004 978 1043 et
997 994 1132 1043 villas
1149 1004 1293 1059 atque
1314 1009 1452 1058 agros
1469 993 1649 1058 ubique

230 1083 565 1140 pervagantes,
601 1083 774 1122 cuncta
797 1073 1006 1122 caedibus
1021 1111 1034 1135 ,
1059 1073 1264 1139 rapinis,
1289 1082 1434 1138 atque
1464 1073 1649 1139 injuriis

230 1151 526 1200 multimodis
546 1151 824 1218 implebant.

295 1230 556 1277 Tentat-unt
581 1230 725 1277 etiam
746 1229 939 1278 interim
960 1228 1128 1277 Franci
1146 1227 1442 1276 Hareflotum
1464 1227 1526 1275 ab
1554 1229 1648 1274 An-

231 1305 362 1371 glicis
385 1306 594 1367 auferre;
619 1317 668 1355 et
688 1318 811 1355 terra
833 1308 1048 1372 marique
1068 1305 1270 1370 Anglos‚
1296 1305 1415 1354 inibi
1437 1322 1528 1372 pro
1550 1322 1651 1353 mu-

232 1382 416 1432 nitione
446 1383 668 1432 dimissos
685 1420 697 1444 ,
726 1383 978 1433 obsidione
1002 1386 1259 1450 urgebant,
1286 1384 1447 1432 accitis
1471 1381 1533 1430 ad
1555 1382 1651 1430 hoc

231 1476 355 1525 opus
388 1460 647 1522 duodecim
682 1471 766 1510 aut
797 1461 1163 1526 quatuordecim
1205 1460 1407 1510 navibus
1444 1463 1651 1507 Januen-

231 1537 382 1599 sium,
410 1554 527 1602 quas
548 1536 760 1586 caracas²
787 1538 1045 1604 appellant,
1071 1556 1183 1587 cum
1205 1540 1307 1588 aliis
1336 1554 1395 1586 ex
1415 1537 1654 1584 littoribus

230 1617 392 1682 patriae
426 1617 692 1682 permultis.
729 1617 823 1664 Sed
850 1633 964 1664 cum
997 1634 1024 1665 e
1053 1617 1244 1666 diverso
1278 1616 1475 1664 classem
1507 1632 1533 1662 e
1564 1632 1653 1663 suo

230 1693 389 1742 littore
410 1693 548 1758 Angli
579 1694 932 1755 instruxissent,
969 1695 1105 1760 cujus
1128 1695 1302 1744 ductor
1322 1694 1410 1742 fuit
1430 1693 1527 1741 dux
1548 1696 1654 1741 Bet-

230 1771 420 1835 fordiae,
455 1772 573 1820 alter
597 1788 938 1836 germanorum
967 1774 1117 1837 regis,
1151 1773 1212 1822 de
1243 1790 1342 1839 quo
1376 1788 1521 1837 supra
1554 1789 1654 1819 me-

232 1850 507 1912 minimus³‚
537 1860 609 1912 et,
636 1866 869 1916 prospero
900 1850 1136 1899 adductus
1157 1861 1330 1913 vent0,
1360 1867 1473 1898 cum
1509 1849 1653 1897 classe

232 1931 528 1977 Francorum
549 1938 596 1977 et
611 1929 946 1977 Januensium⁶
960 1946 1243 1994 congressus
1255 1938 1395 1988 esset,
1410 1944 1561 1994 parvo
1580 1944 1653 1975 sa-

231 2008 292 2056 tis
319 2007 515 2072 negotio
548 2007 683 2055 victis
715 2006 956 2068 hostibus,
990 2017 1039 2056 et
1069 2025 1238 2056 eorum
1273 2005 1478 2055 navibus
1504 2007 1654 2072 captis

232 2086 309 2135 vel
323 2085 599 2148 submersis,
618 2085 855 2152 oppidum
875 2086 1034 2152 ipsum
1060 2086 1335 2146 obsidione,
1353 2102 1450 2151 qua
1466 2101 1653 2150 preme-

233 2163 392 2225 batur,
419 2163 666 2212 absolvit⁶.

287 2309 326 2346 1.
356 2306 502 2354 mutet,
521 2308 591 2345 sed
610 2309 979 2359 et....‚quieverunt.

286 2373 327 2412 2.
357 2372 545 2422 Caraque.

288 2431 326 2469 3.
357 2429 580 2480 Ci-dessus,
601 2442 641 2482 p.
659 2430 724 2468 18.

288 2493 329 2530 4.
359 2493 464 2529 Dans
478 2490 516 2529 le
538 2490 763 2538 manuscrit,
784 2503 865 2528 cum
886 2491 1005 2526 classe
1023 2487 1075 2527 ad
1092 2490 1322 2526 Francorum
1342 2497 1378 2526 et
1393 2490 1653 2526 Januensium.

291 2552 330 2587 5.
360 2551 570 2602 Comparer
599 2549 638 2588 le
663 2548 760 2588 tecit
785 2549 840 2588 du
868 2548 1074 2602 Religieux
1109 2548 1158 2588 de
1185 2546 1445 2596 Saint-Denis,
1479 2549 1651 2586 chronic.

237 2611 377 2651 Caroli.
398 2612 465 2657 VI,
480 2610 507 2648 1.
523 2612 725 2659 XXXVII,
743 2624 778 2649 c.
799 2623 857 2648 vu
872 2611 915 2659 (t.
936 2612 984 2658 V,
1002 2623 1042 2662 p.
1064 2611 1143 2659 37).
