2086 3528
738 312 883 349 LIBER
911 312 1137 359 QUINTUS.
1571 314 1647 351 247

663 534 859 587 LIBER
916 518 1225 595 QUINTUS.

628 799 968 845 CAPITULUM
1006 801 1254 846 PRIMUM.

260 918 315 953 De
330 917 446 966 prima
460 917 685 978 expeditione
702 919 896 965 Aquitaniae
905 946 918 964 ‚
939 928 972 954 et
983 919 1132 966 qualiter
1146 932 1190 955 ex
1204 928 1279 955 tota
1290 920 1477 968 Aquitania
1490 920 1627 969 depulsi

262 981 266 986 ’
811 987 894 1014 sunt
912 978 1067 1026 Anglici.

298 1083 643 1131 Consummata
684 1084 1045 1150 recuperatione
1077 1084 1407 1144 Normanniae,
1435 1084 1497 1132 de
1527 1102 1646 1150 qua,

231 1158 645 1225 quemadmodum
672 1160 795 1208 libro
820 1162 1064 1227 superiore
1091 1161 1291 1210 relatum
1323 1171 1393 1208 est
1423 1179 1451 1210 a
1483 1162 1646 1224 nobis,

237 1236 412 1300 Anglici
433 1237 556 1303 pulsi
573 1239 804 1302 ejectique
821 1238 973 1298 suere,
1000 1248 1156 1286 tantus
1177 1238 1434 1302 Anglorum
1460 1249 1649 1303 gentem

232 1329 481 1361 armorum
511 1314 816 1379 nominisque
847 1314 1012 1362 Gallici
1045 1324 1200 1362 terror
1228 1315 1419 1373 invasit,
1455 1325 1505 1362 ut
1536 1332 1649 1381 pro-

231 1389 356 1438 fecto
370 1426 383 1452 ,
405 1391 443 1438 si
459 1391 521 1438 ad
540 1391 912 1457 expugnandum
932 1392 1166 1457 oppidum
1185 1392 1352 1439 Calesii
1370 1391 1472 1439 sine
1494 1409 1650 1440 remo·

231 1467 418 1515 ratione
449 1484 505 1515 ac
538 1468 765 1517 dilatione
797 1473 1088 1516 Francorum
1118 1486 1224 1532 rex,
1260 1485 1358 1516 non
1391 1468 1648 1517 obsistente

151 1567 154 1575 2
234 1543 630 1608 Burgundionum
652 1545 801 1605 duce,
824 1562 933 1592 suas
952 1546 1114 1611 copias
1135 1545 1452 1605 admovisset,
1468 1545 1649 1611 absque

232 1637 407 1686 magno
447 1631 494 1669 et
535 1621 715 1669 difficili
746 1623 940 1687 negotio
978 1623 1026 1670 id
1060 1633 1164 1671 tum
1195 1622 1389 1670 feliciter
1421 1623 1648 1688 perficere

231 1699 480 1763 potuisset.
518 1699 823 1762 Adauxerant
863 1700 995 1747 hunc
1041 1709 1222 1748 metum
1262 1716 1362 1746 non
1402 1700 1648 1748 modicum

171 1794 175 1798 ’
230 1776 377 1824 duces
399 1793 453 1824 ac
477 1776 648 1824 milites
666 1778 955 1826 Normannia
979 1778 1130 1843 pulsi,
1156 1778 1240 1842 qui
1264 1787 1362 1825 tam
1383 1777 1444 1825 ad
1467 1777 1648 1826 dictum

230 1853 399 1902 Calesii
431 1854 689 1920 oppidum,
723 1871 869 1918 quam
902 1855 951 1902 in
987 1855 1224 1919 Angliam,
1261 1855 1370 1902 victi
1399 1855 1648 1920 tristesque

228 1931 570 1995 migraverant;
592 1932 691 1995 qui,
717 1941 766 1978 ut
783 1932 925 1979 etiam
948 1932 1260 1996 ignominiam
1280 1948 1415 1979 suam
1436 1931 1648 1979 honestae

226 2008 512 2056 causationis
555 2009 821 2055 velamento
860 2008 1163 2072 obtegerent,
1211 2026 1309 2056 non
1360 2009 1505 2056 modo
1541 2026 1646 2073 quae

226 2094 362 2133 erant
409 2085 531 2150 regis
580 2088 872 2133 Francorum
920 2086 1089 2150 suique
1139 2087 1370 2134 exercitus
1422 2086 1544 2133 vires
1591 2103 1646 2133 ac

226 2160 480 2221 fortitudo,
512 2177 617 2225 quae
637 2162 865 2227 sapientia
896 2173 943 2209 et
977 2163 1302 2227 providentia,
1337 2163 1568 2210 industria
1600 2173 1645 2209 et

227 2238 617 2306 magnanimitas,
656 2238 948 2300 referebant,
984 2239 1068 2287 sed
1100 2240 1315 2287 maximis
1354 2240 1495 2288 etiam
1532 2257 1647 2305 prae-

226 2315 376 2362 coniis
409 2324 456 2362 et
485 2316 881 2364 admirationibus
910 2316 1200 2376 attollendo,
1236 2306 1292 2366 ea
1321 2319 1467 2383 pluris
1499 2335 1645 2382 quam

226 2401 384 2439 essent
429 2392 562 2440 facile
607 2393 858 2441 faciebant.
910 2394 1097 2452 Quibus
1142 2396 1347 2442 exterriti
1385 2396 1645 2443 nuntiatio·

227 2469 395 2532 nibus,
429 2470 481 2517 hi
521 2471 603 2535 qui
648 2470 983 2536 locupletiores
1028 2482 1163 2520 erant
1206 2474 1253 2520 in
1301 2474 1430 2521 dicto
1477 2474 1646 2522 Calesii

227 2547 427 2612 oppido,
455 2557 553 2595 tam
572 2549 906 2612 negotiatores,
930 2566 1073 2613 quam
1099 2549 1365 2598 absentium
1383 2551 1641 2609 institores,

228 2640 408 2671 merces
430 2641 537 2671 suas
561 2634 607 2672 et
629 2642 827 2673 suorum
858 2626 1196 2687 dominorum,
1223 2644 1340 2691 quas
1371 2626 1464 2674 illic
1497 2644 1644 2691 nego-

229 2699 376 2748 tiandi
394 2717 534 2748 causa
551 2700 855 2763 advexerant,
875 2714 1190 2770 properanter
1211 2714 1259 2751 et
1277 2704 1481 2765 concite,
1507 2704 1646 2752 valde

227 2777 288 2825 de
322 2775 503 2843 oppido
534 2788 581 2826 et
612 2779 713 2842 ejus
744 2780 1027 2828 defensione
1057 2780 1349 2840 diffidentes,
1383 2781 1445 2841 si,
1483 2781 1645 2845 utique
