2086 3528
494 380 542 418 38
878 375 1221 415 HISTORIARUM
1249 374 1432 413 CAROLI
1458 375 1528 411 VII

490 460 769 509 simulantes
789 459 909 507 velle
933 473 1103 524 pacem
1122 466 1264 521 atque
1282 457 1537 504 amicitiam
1555 473 1668 504 cum
1681 456 1786 522 ipso
1803 459 1915 504 Bur-

490 537 795 602 gundionum
817 536 940 583 duce
962 533 1207 582 conciliari
1225 544 1273 581 et
1297 534 1571 595 reformari,
1598 534 1774 599 ipsum,
1800 533 1914 583 data

490 615 579 663 sibi
614 615 748 662 omni
765 613 860 661 fide
884 622 930 660 et
946 612 1196 659 securitate
1210 628 1316 676 quae
1332 611 1435 659 dari
1457 612 1623 678 possit,
1648 611 1711 658 ad
1729 610 1914 659 dictum

489 702 695 741 castrum
739 692 801 739 de
839 688 1148 738 Monsterolio
1192 689 1449 737 adventare
1483 698 1803 755 procurarunt
1851 689 1914 737 ad

489 770 792 836 praesentiam
827 768 1070 834 delphini,
1118 767 1253 831 quasi
1297 766 1358 814 de
1388 768 1582 831 negotio
1618 767 1749 833 pacis
1783 766 1916 816 bona

490 848 585 895 fide
612 848 737 895 inter
767 846 965 895 eosdem
995 845 1254 893 tractaturi.
1282 846 1403 891 Cum
1426 855 1586 892 autem
1620 844 1703 892 illo
1741 844 1915 892 adven·

489 935 658 987 tasset‚
696 924 814 973 nihil
856 923 1139 971 insidiarum
1170 923 1466 987 suspicatus,
1499 932 1547 970 et
1579 922 1675 970 hoc
1717 922 1913 988 quidem

489 1013 658 1051 contra
686 1003 1007 1068 plurimorum
1037 1000 1098 1048 de
1126 1001 1225 1047 suis
1255 1001 1565 1066 opinionem,
1602 1001 1686 1066 qui
1714 1001 1776 1049 de
1798 1001 1914 1050 dolo

489 1090 633 1145 atque
657 1079 841 1127 insidiis
863 1079 1199 1127 vehementem
1227 1078 1550 1144 suspicionem
1566 1078 1809 1128 habebant
1825 1115 1838 1140 ,
1863 1079 1913 1127 in

489 1159 739 1225 praesentia
766 1159 912 1224 ipsius
944 1157 1191 1222 delphini,
1226 1157 1276 1203 in
1309 1157 1493 1205 cervice
1526 1173 1806 1222 percussus,
1847 1157 1916 1205 in-

491 1246 752 1302 teremptus
781 1246 850 1283 est
874 1234 1242 1283 miserabiliter¹.

558 1319 594 1362 A
625 1332 724 1380 quo
748 1323 908 1363 autem
930 1313 1005 1361 vel
1030 1329 1057 1360 a
1082 1312 1255 1377 quibus
1274 1328 1526 1378 percussus
1549 1313 1802 1375 exstiterit,
1817 1312 1918 1361 dif-

492 1394 629 1441 finire
654 1409 754 1440 non
781 1407 1053 1457 possumus.
1087 1391 1305 1456 Suspecti
1327 1390 1524 1455 quidem
1554 1390 1615 1438 de
1646 1390 1744 1438 hoc
1764 1389 1918 1439 habiti

490 1481 601 1519 sunt
629 1470 850 1536 praefatus
875 1469 1214 1533 Tennequinus
1236 1468 1296 1515 de
1324 1471 1489 1516 Castro
1508 1505 1520 1529 ,
1554 1468 1615 1516 de
1646 1485 1745 1533 quo
1773 1484 1919 1535 supra

493 1549 841 1606 meminimus',
877 1556 924 1594 et
961 1546 1080 1593 alius
1115 1546 1328 1610 egregius
1352 1562 1407 1593 ac
1434 1555 1654 1594 strenuus
1690 1546 1825 1594 miles
1857 1546 1919 1595 de

491 1624 708 1692 partibus
736 1625 1014 1688 Aquitaniae,
1042 1633 1366 1688 cognomento
1399 1623 1686 1684 Barbesan⁸,
1725 1623 1786 1671 de
1818 1640 1918 1688 quo

492 1720 542 1751 se
572 1717 855 1767 expurgasse
890 1718 918 1749 a
942 1700 1102 1748 multis
1125 1711 1356 1748 assertum
1388 1711 1474 1748 est.
1503 1704 1702 1748 Constat
1727 1711 1914 1762 tamen,

492 1784 911 1847 quorumcumque
944 1780 993 1827 id
1026 1779 1247 1827 manibus
1264 1790 1505 1845 patratum
1528 1780 1780 1840 exstiterit,
1806 1797 1918 1828 eum

492 1860 542 1907 in
572 1859 701 1906 dicto
731 1868 887 1905 castro
923 1858 990 1904 sic
1022 1867 1298 1917 enecatum,
1339 1859 1388 1904 in
1423 1858 1675 1922 praesentia
1701 1857 1919 1923 delphini

494 1939 636 1986 fuisse
665 1938 921 1985 crudeliter
946 1939 1301 2003 peremptum⁴3
1335 1938 1440 2002 qui,
1469 1936 1603 2001 quod
1626 1937 1688 1985 de
1712 1936 1807 1985 hoc
1828 1937 1917 1984 mi-

492 2017 622 2064 nime
644 2016 864 2064 conscius
889 2015 1059 2075 fuerit,
1083 2016 1182 2062 imo
1206 2015 1384 2063 factum
1405 2015 1716 2062 vehementer
1735 2014 1919 2063 exhor-

493 2096 604 2156 ruit,
632 2095 838 2160 quitum
866 2093 1024 2141 adhuc
1047 2093 1236 2157 juvenis
1264 2103 1312 2140 et
1336 2093 1614 2140 adolescens
1644 2102 1769 2152 erat,
1803 2109 1918 2140 con-

493 2173 777 2220 stantissime
799 2180 846 2219 et
862 2187 891 2218 a
910 2187 960 2218 se
984 2180 1031 2218 et
1052 2186 1078 2217 a
1093 2169 1311 2235 pluribus
1326 2169 1428 2217 aliis
1451 2178 1683 2217 assertum
1705 2179 1774 2218 est
1796 2186 1919 2218 sem-

493 2267 594 2316 per.
631 2252 702 2296 De
727 2265 823 2313 qua
845 2265 898 2295 re
921 2246 1157 2294 sentiendi
1180 2246 1447 2294 libertatem
1471 2247 1749 2312 unicuique,
1775 2257 1918 2312 prout

493 2329 645 2387 volet,
668 2327 1063 2391 derelinquimus.

546 2467 585 2504 1.
615 2466 670 2502 Le
689 2464 739 2501 10
753 2460 972 2514 septembre
992 2462 1111 2499 1419.

545 2527 584 2563 2.
615 2522 831 2570 Ci-dessus‚
857 2535 896 2573 p.
923 2523 989 2559 29.

546 2587 583 2623 3.
615 2582 775 2623 Arnaud
801 2581 981 2620 Guilhem
1003 2580 1051 2619 de
1077 2578 1286 2618 Barbasan.
1310 2579 1472 2618 Suivant
1491 2580 1732 2628 Monstrelet,
1763 2593 1808 2620 ce
1839 2579 1915 2620 sei-

491 2660 616 2701 gneur
651 2658 700 2684 au
728 2642 921 2682 contraire
938 2641 1067 2680 bldma
1088 2640 1314 2679 hautement
1332 2639 1520 2679 l'attentat
1545 2640 1597 2679 du
1618 2648 1713 2693 pont
1732 2639 1782 2680 de
1800 2643 1915 2680 Mon-

490 2717 637 2747 tereau.

543 2771 582 2807 4.
613 2769 712 2805 Tout
733 2779 776 2803 ce
799 2762 865 2815 qui
888 2760 1067 2814 precede,
1089 2760 1226 2812 depuis
1244 2760 1279 2798 le
1302 2769 1633 2800 commencement
1650 2760 1703 2800 du
1725 2760 1913 2813 chapitre,

489 2841 510 2866 a
542 2828 601 2866 ete
628 2824 812 2865 intercale
829 2854 838 2872 ,
865 2835 960 2861 avec
990 2821 1037 2860 de
1059 2821 1208 2873 legeres
1235 2820 1513 2860 modifications
1527 2850 1538 2870 ‚
1561 2821 1655 2860 dans
1674 2823 1729 2860 les
1745 2823 1915 2860 Annales

490 2889 682 2925 Flandriae
699 2885 748 2924 de
763 2886 913 2935 Meyer,
930 2881 956 2922 1.
978 2883 1063 2920 XV.
