2086 3528
514 400 592 441 :308
898 395 1243 439 HISTORIARUM
1269 396 1452 437 CAROLI
1477 399 1547 436 VH

515 511 722 561 eumque
758 493 1093 559 hospitalitatis
1133 491 1293 540 officio
1331 490 1635 539 tractandum
1668 497 1932 555 procuran-

516 572 731 637 dumque
754 571 1064 636 suscepisset,
1087 578 1258 635 postea
1278 567 1480 634 perdere
1500 567 1667 628 vellet,
1694 579 1805 614 eum
1822 564 1932 614 red-

517 652 637 699 dens
679 651 751 710 ei,
794 650 928 713 cujus
974 648 1039 696 ob
1084 657 1266 695 metum
1304 646 1366 694 ad
1409 661 1458 694 se
1502 645 1590 694 sub
1630 643 1806 693 fiducia
1846 642 1959 698 hu-‚

517 728 756 777 manitatis
796 725 1175 791 confugiendum
1217 724 1455 787 duxisset3
1503 722 1635 789 quod
1680 721 1719 770 si
1765 721 1816 770 id
1858 721 1935 769 vel

516 808 650 855 tenui
675 806 951 870 conjectura
978 803 1314 868 suspicaretur,
1339 802 1499 849 forsan
1523 801 1586 849 ad
1611 802 1770 848 hostes
1789 794 1936 866 patris

443 907 446 910 ·
516 899 849 949 quoscumque
874 882 1011 929 citius
1034 880 1377 944 transfugeret3
1413 896 1557 943 quem
1587 895 1702 926 vero
1731 878 1820 926 sibi
1848 877 1936 926 de-

517 962 660 1010 ferret
693 961 952 1020 honorem,
979 974 1079 1005 non
1108 967 1207 1004 tam
1233 955 1325 1004 sibi
1361 970 1506 1020 quam
1529 957 1680 1021 patri,
1707 956 1841 1021 cujus
1873 955 1936 1004 ad

515 1038 755 1085 honorem
773 1036 825 1084 id
842 1036 1015 1084 faceret
1032 1034 1262 1098 regiaeque
1280 1037 1575 1081 Francorum
1595 1033 1767 1082 domus
1786 1033 1937 1099 (unde

518 1126 565 1163 et
587 1117 688 1181 ipse
707 1115 902 1162 duceret
925 1111 1203 1176 originem),
1230 1127 1393 1175 regem
1423 1110 1601 1159 debere
1635 1113 1902 1161 existimare
1920 1151 1933 1175 ,

517 1210 610 1241 nec
630 1193 785 1242 vereri
801 1189 1122 1257 quovismodo
1145 1199 1197 1236 ut
1219 1190 1320 1255 ipse
1343 1188 1433 1236 sibi
1449 1198 1614 1237 contra
1631 1199 1815 1256 patrem
1826 1225 1844 1255 ‚
1861 1191 1938 1240 vel

517 1271 619 1335 ejus
655 1287 857 1336 regnum
891 1269 1157 1334 quidquam
1190 1264 1351 1315 moliri
1385 1276 1468 1315 aut
1501 1284 1639 1332 agere
1668 1261 1935 1334 permittam

517 1366 771 1397 suasurum
793 1347 996 1395 libenter
1030 1346 1121 1394 sibi
1146 1357 1199 1394 ut
1229 1346 1280 1393 in
1312 1356 1499 1411 patrem
1522 1338 1852 1396 obedientiam
1883 1365 1939 1396 ac

515 1429 831 1477 reverentiam
847 1427 1181 1476 omnimodam
1197 1426 1380 1474 debitas
1401 1425 1640 1491 observet,
1664 1423 1725 1477 de
1743 1429 1940 1496 ejusque

513 1507 766 1555 clementia
788 1517 836 1554 et
862 1507 1037 1572 pietate
1065 1515 1119 1552 ut
1140 1505 1412 1553 nullatenus
1432 1502 1751 1554 diffidendum
1776 1516 1936 1574 putet3

515 1596 564 1634 et
585 1584 648 1633 ad
670 1585 721 1633 id
739 1595 968 1633 conatum
987 1601 1183 1632 omnem
1199 1601 1249 1631 se
1271 1583 1550 1650 impendere
1567 1578 1853 1650 spondebat.
1869 1589 1941 1634 De

516 1664 693 1728 treugis
716 1664 888 1726 etiam,
915 1679 1033 1727 quas
1062 1679 1173 1710 cum
1197 1662 1359 1726 Anglis
1381 1663 1552 1711 inierat
1574 1673 1620 1710 et
1638 1663 1866 1725 habebat,
1891 1681 1941 1712 se

520 1741 808 1802 defendens,
835 1741 1065 1807 plurimas
1089 1741 1299 1788 rationes
1319 1741 1547 1789 afferebat
1564 1778 1577 1803 ,
1603 1751 1802 1808 propter
1823 1730 1942 1808 quas

517 1823 833 1888 praetenderet
846 1822 954 1886 jure
972 1822 1021 1869 id
1045 1822 1135 1869 sibi
1155 1823 1310 1870 facere
1331 1823 1519 1871 licuisse
1537 1860 1550 1884 ,
1575 1823 1638 1871 ad
1660 1823 1806 1889 idque
1820 1822 1943 1872 mul·

517 1901 577 1947 tis
598 1899 878 1948 necessariis
901 1909 947 1947 et
970 1899 1249 1964 urgentibus
1266 1901 1420 1948 causis
1441 1901 1583 1948 fuisse
1610 1901 1936 1966 compulsum,

519 1995 653 2043 quas,
681 1978 814 2042 quod
842 1978 1086 2043 prolixum
1106 1987 1152 2025 et
1173 1977 1441 2042 legentibus
1459 1979 1620 2027 forsan
1642 1979 1941 2028 fastidiosum

519 2057 642 2105 effici
664 2067 851 2123 posset,
881 2057 962 2104 hic
985 2058 1183 2107 minime
1203 2059 1410 2106 inserere
1432 2058 1688 2107 voluimus.

583 2134 676 2182 Sed
713 2151 825 2182 cum
861 2134 1110 2200 Philippus
1143 2135 1537 2200 responsionibus
1578 2136 1776 2185 minime
1819 2139 1941 2202 regis

517 2202 680 2260 animo
700 2213 1005 2275 satisfaceret,
1031 2223 1079 2261 et
1101 2215 1380 2275 asserentis,
1406 2214 1471 2262 ob
1489 2215 1563 2262 sui
1586 2215 1823 2264 honorem
1839 2217 1940 2266 sive

517 2292 832 2338 reverentiam
852 2290 984 2352 fieri,
1013 2291 1145 2356 quod
1170 2291 1270 2340 filio
1299 2308 1386 2339 suo
1409 2293 1681 2342 contumaci
1707 2303 1754 2342 et
1776 2293 1942 2343 rebelli

518 2367 840 2428 exhiberetur,
867 2369 1098 2416 aestimare
1130 2386 1229 2416 uon
1252 2386 1393 2435 posse
1411 2406 1424 2431 ,
1458 2370 1648 2419 crebras
1682 2381 1728 2419 et
1753 2371 1942 2422 iteratas

517 2463 608 2512 pro
639 2445 809 2494 eadem
830 2462 972 2493 causa
1002 2446 1262 2510 legationes
1299 2448 1519 2513 repetivit
1545 2470 1556 2496 ι
1589 2466 1690 2497 non
1718 2450 1942 2498 omittens

517 2534 679 2571 tamen
696 2532 1039 2588 apparamenta
1058 2523 1210 2572 facere
1227 2525 1290 2572 ad
1309 2525 1692 2575 subveniendum
1714 2529 1937 2590 Henrico,

516 2600 682 2666 nepoti
704 2617 812 2661 suo,
835 2599 1099 2664 Anglorum
1124 2602 1239 2665 regi,
1267 2611 1320 2648 ut
1344 2603 1391 2649 in
1416 2621 1618 2668 regnum
1640 2622 1798 2666 suum,
1823 2621 1938 2670 quc,

519 2688 569 2726 ut
588 2678 906 2737 narravimus,
925 2677 1090 2743 pulsus
1111 2678 1280 2739 suerat,
1302 2681 1527 2729 eumdem
1546 2683 1727 2731 restitui
1749 2683 1938 2745 faceret,

514 2766 562 2803 et
580 2755 859 2804 Edoardum
872 2764 1154 2820 regnantem
1170 2756 1447 2807 deturbaret
1460 2777 1626 2824 regno.
1648 2764 1763 2820 Quae
1776 2771 1942 2810 contra

513 2851 563 2881 se
588 2833 748 2881 moliri
772 2851 884 2883 cum
910 2833 1084 2882 ducem
1107 2836 1506 2899 Burgundionum
1526 2840 1724 2888 minime
1745 2839 1940 2900 lateret,

514 2910 643 2959 velut
666 2911 914 2976 quoddam
931 2912 1062 2977 pacis
1078 2929 1172 2961 suae
1192 2913 1364 2978 pignus
1379 2924 1426 2963 et
1445 2916 1707 2966 securitatis
1729 2915 1790 2965 de
1811 2932 1939 2982 rege,
