<?xml version="1.0" encoding="UTF-8"?>
<!DOCTYPE html PUBLIC "-//W3C//DTD XHTML 1.0 Transitional//EN"
    "http://www.w3.org/TR/xhtml1/DTD/xhtml1-transitional.dtd">
<html xmlns="http://www.w3.org/1999/xhtml" xml:lang="en" lang="en">
 <head>
  <title>
</title>
<meta http-equiv="Content-Type" content="text/html;charset=utf-8" />
  <meta name='ocr-system' content='tesseract 3.04.00' />
  <meta name='ocr-capabilities' content='ocr_page ocr_carea ocr_par ocr_line ocrx_word'/>
</head>
<body>
  <div class='ocr_page' id='page_1' title='image "./histoiredesrgn01basiuoft_0474.png"; bbox 0 0 2086 3528; ppageno 0'>
   <div class='ocr_carea' id='block_1_1' title="bbox 426 380 1466 425">
    <p class='ocr_par' dir='ltr' id='par_1_1' title="bbox 426 380 1466 425">
     <span class='ocr_line' id='line_1_1' title="bbox 426 380 1466 425; baseline 0.005 -5"><span class='ocrx_word' id='word_1_1' title='bbox 426 384 501 420; x_wconf 82' lang='lat'>300</span> <span class='ocrx_word' id='word_1_2' title='bbox 815 380 1159 422; x_wconf 84' lang='lat' dir='ltr'>HISTORIARUM</span> <span class='ocrx_word' id='word_1_3' title='bbox 1187 386 1368 424; x_wconf 90' lang='lat' dir='ltr'><strong>CAROLI</strong></span> <span class='ocrx_word' id='word_1_4' title='bbox 1398 386 1466 425; x_wconf 87' lang='lat' dir='ltr'>VII</span> 
     </span>
    </p>
   </div>
   <div class='ocr_carea' id='block_1_2' title="bbox 872 567 1392 614">
    <p class='ocr_par' dir='ltr' id='par_1_2' title="bbox 872 567 1392 614">
     <span class='ocr_line' id='line_1_2' title="bbox 872 567 1392 614; baseline 0.004 -2"><span class='ocrx_word' id='word_1_5' title='bbox 872 567 1215 613; x_wconf 89' lang='lat' dir='ltr'><strong>CAPITULUM</strong></span> <span class='ocrx_word' id='word_1_6' title='bbox 1247 568 1392 614; x_wconf 80' lang='lat' dir='ltr'>xvn.</span> 
     </span>
    </p>
   </div>
   <div class='ocr_carea' id='block_1_3' title="bbox 479 697 1783 807">
    <p class='ocr_par' dir='ltr' id='par_1_3' title="bbox 479 697 1783 807">
     <span class='ocr_line' id='line_1_3' title="bbox 479 697 1783 749; baseline 0.004 -17"><span class='ocrx_word' id='word_1_7' title='bbox 479 697 638 742; x_wconf 85' lang='lat' dir='ltr'><strong>Qualiter</strong></span> <span class='ocrx_word' id='word_1_8' title='bbox 652 697 826 733; x_wconf 87' lang='lat' dir='ltr'>Henricus</span> <span class='ocrx_word' id='word_1_9' title='bbox 842 712 904 733; x_wconf 78' lang='lat' dir='ltr'>rex</span> <span class='ocrx_word' id='word_1_10' title='bbox 918 726 928 742; x_wconf 90' lang='lat'><em>‚</em></span> <span class='ocrx_word' id='word_1_11' title='bbox 943 699 1057 734; x_wconf 84' lang='lat' dir='ltr'>victus</span> <span class='ocrx_word' id='word_1_12' title='bbox 1072 699 1110 734; x_wconf 90' lang='lat' dir='ltr'>in</span> <span class='ocrx_word' id='word_1_13' title='bbox 1128 699 1233 735; x_wconf 86' lang='lat' dir='ltr'>tertio</span> <span class='ocrx_word' id='word_1_14' title='bbox 1249 700 1370 747; x_wconf 84' lang='lat' dir='ltr'>praelio</span> <span class='ocrx_word' id='word_1_15' title='bbox 1383 727 1393 745; x_wconf 91' lang='lat'>‚</span> <span class='ocrx_word' id='word_1_16' title='bbox 1407 700 1495 748; x_wconf 83' lang='lat' dir='ltr'>fugit</span> <span class='ocrx_word' id='word_1_17' title='bbox 1507 701 1545 737; x_wconf 89' lang='lat' dir='ltr'>in</span> <span class='ocrx_word' id='word_1_18' title='bbox 1559 701 1733 749; x_wconf 83' lang='lat' dir='ltr'>scotiam,</span> <span class='ocrx_word' id='word_1_19' title='bbox 1750 708 1783 737; x_wconf 86' lang='lat' dir='ltr'>et</span> 
     </span>
     <span class='ocr_line' id='line_1_4' title="bbox 695 757 1577 807; baseline 0.005 -15"><span class='ocrx_word' id='word_1_20' title='bbox 695 757 882 793; x_wconf 84' lang='lat' dir='ltr'>Edoardus</span> <span class='ocrx_word' id='word_1_21' title='bbox 897 759 935 792; x_wconf 88' lang='lat' dir='ltr'>in</span> <span class='ocrx_word' id='word_1_22' title='bbox 951 760 1149 806; x_wconf 88' lang='lat' dir='ltr'>Anglorum</span> <span class='ocrx_word' id='word_1_23' title='bbox 1163 773 1281 807; x_wconf 87' lang='lat' dir='ltr'>regem</span> <span class='ocrx_word' id='word_1_24' title='bbox 1297 769 1347 795; x_wconf 88' lang='lat' dir='ltr'>est</span> <span class='ocrx_word' id='word_1_25' title='bbox 1359 761 1577 797; x_wconf 84' lang='lat' dir='ltr'>sublimatus.</span> 
     </span>
    </p>
   </div>
   <div class='ocr_carea' id='block_1_4' title="bbox 426 869 1868 2800">
    <p class='ocr_par' dir='ltr' id='par_1_4' title="bbox 426 869 1868 2558">
     <span class='ocr_line' id='line_1_5' title="bbox 494 869 1847 936; baseline 0.001 -21"><span class='ocrx_word' id='word_1_26' title='bbox 494 871 561 916; x_wconf 86' lang='lat' dir='ltr'>Ex</span> <span class='ocrx_word' id='word_1_27' title='bbox 591 869 742 916; x_wconf 88' lang='lat' dir='ltr'>tribus</span> <span class='ocrx_word' id='word_1_28' title='bbox 769 870 911 933; x_wconf 87' lang='lat' dir='ltr'>igitur</span> <span class='ocrx_word' id='word_1_29' title='bbox 942 871 1281 918; x_wconf 86' lang='lat' dir='ltr'><strong>cruentissimis</strong></span> <span class='ocrx_word' id='word_1_30' title='bbox 1305 871 1496 936; x_wconf 88' lang='lat' dir='ltr'>praeliis,</span> <span class='ocrx_word' id='word_1_31' title='bbox 1524 871 1701 936; x_wconf 84' lang='lat' dir='ltr'>quibus</span> <span class='ocrx_word' id='word_1_32' title='bbox 1722 871 1847 918; x_wconf 82' lang='lat' dir='ltr'>inter</span> 
     </span>
     <span class='ocr_line' id='line_1_6' title="bbox 426 947 1848 1014; baseline 0.002 -21"><span class='ocrx_word' id='word_1_33' title='bbox 426 964 475 994; x_wconf 93' lang='lat' dir='ltr'>se</span> <span class='ocrx_word' id='word_1_34' title='bbox 501 947 635 1010; x_wconf 84' lang='lat' dir='ltr'>Angli</span> <span class='ocrx_word' id='word_1_35' title='bbox 659 947 968 1008; x_wconf 83' lang='lat' dir='ltr'>dimicarunt,</span> <span class='ocrx_word' id='word_1_36' title='bbox 996 950 1277 1007; x_wconf 83' lang='lat' dir='ltr'>commissis,</span> <span class='ocrx_word' id='word_1_37' title='bbox 1313 949 1470 1014; x_wconf 85' lang='lat' dir='ltr'>primo</span> <span class='ocrx_word' id='word_1_38' title='bbox 1501 949 1746 1012; x_wconf 86' lang='lat' dir='ltr'>januario,</span> <span class='ocrx_word' id='word_1_39' title='bbox 1774 966 1848 996; x_wconf 92' lang='lat' dir='ltr'>se-</span> 
     </span>
     <span class='ocr_line' id='line_1_7' title="bbox 426 1026 1848 1092; baseline 0.001 -20"><span class='ocrx_word' id='word_1_40' title='bbox 426 1027 589 1073; x_wconf 89' lang='lat' dir='ltr'>cundo</span> <span class='ocrx_word' id='word_1_41' title='bbox 617 1026 881 1086; x_wconf 83' lang='lat' dir='ltr'>februario,</span> <span class='ocrx_word' id='word_1_42' title='bbox 908 1037 955 1073; x_wconf 87' lang='lat' dir='ltr'>et</span> <span class='ocrx_word' id='word_1_43' title='bbox 991 1028 1130 1074; x_wconf 85' lang='lat' dir='ltr'>tertio</span> <span class='ocrx_word' id='word_1_44' title='bbox 1161 1027 1333 1074; x_wconf 87' lang='lat' dir='ltr'>martio</span> <span class='ocrx_word' id='word_1_45' title='bbox 1365 1026 1609 1075; x_wconf 89' lang='lat' dir='ltr'>mensibus</span> <span class='ocrx_word' id='word_1_46' title='bbox 1631 1027 1848 1092; x_wconf 80' lang='lat' dir='ltr'><strong>proxime</strong></span> 
     </span>
     <span class='ocr_line' id='line_1_8' title="bbox 427 1102 1868 1169; baseline 0.002 -21"><span class='ocrx_word' id='word_1_47' title='bbox 427 1102 738 1165; x_wconf 87' lang='lat' dir='ltr'>sequentibus</span> <span class='ocrx_word' id='word_1_48' title='bbox 755 1141 767 1164; x_wconf 79' lang='grc'>,</span> <span class='ocrx_word' id='word_1_49' title='bbox 791 1104 838 1150; x_wconf 92' lang='lat' dir='ltr'>in</span> <span class='ocrx_word' id='word_1_50' title='bbox 865 1104 1055 1151; x_wconf 90' lang='lat' dir='ltr'>duobus</span> <span class='ocrx_word' id='word_1_51' title='bbox 1079 1103 1321 1169; x_wconf 86' lang='lat' dir='ltr'>prioribus</span> <span class='ocrx_word' id='word_1_52' title='bbox 1355 1105 1587 1151; x_wconf 88' lang='lat' dir='ltr'>Henricus</span> <span class='ocrx_word' id='word_1_53' title='bbox 1609 1114 1656 1151; x_wconf 90' lang='lat' dir='ltr'>et</span> <span class='ocrx_word' id='word_1_54' title='bbox 1687 1104 1868 1168; x_wconf 84' lang='lat' dir='ltr'>regina·</span> 
     </span>
     <span class='ocr_line' id='line_1_9' title="bbox 426 1182 1849 1245; baseline 0.001 -18"><span class='ocrx_word' id='word_1_55' title='bbox 426 1197 683 1245; x_wconf 87' lang='lat' dir='ltr'>prosperos</span> <span class='ocrx_word' id='word_1_56' title='bbox 706 1183 815 1229; x_wconf 87' lang='lat' dir='ltr'>satis</span> <span class='ocrx_word' id='word_1_57' title='bbox 835 1199 1079 1230; x_wconf 88' lang='lat' dir='ltr'>successus</span> <span class='ocrx_word' id='word_1_58' title='bbox 1109 1183 1424 1243; x_wconf 85' lang='lat' dir='ltr'>invenerunt,</span> <span class='ocrx_word' id='word_1_59' title='bbox 1451 1185 1500 1229; x_wconf 91' lang='lat' dir='ltr'>in</span> <span class='ocrx_word' id='word_1_60' title='bbox 1524 1182 1666 1229; x_wconf 85' lang='lat' dir='ltr'>tertio</span> <span class='ocrx_word' id='word_1_61' title='bbox 1689 1192 1849 1229; x_wconf 80' lang='lat' dir='ltr'>autem</span> 
     </span>
     <span class='ocr_line' id='line_1_10' title="bbox 426 1259 1849 1325; baseline 0.001 -21"><span class='ocrx_word' id='word_1_62' title='bbox 426 1259 615 1321; x_wconf 87' lang='lat' dir='ltr'>penitus</span> <span class='ocrx_word' id='word_1_63' title='bbox 638 1276 806 1306; x_wconf 82' lang='lat' dir='ltr'>eorum</span> <span class='ocrx_word' id='word_1_64' title='bbox 829 1277 904 1307; x_wconf 90' lang='lat' dir='ltr'>res</span> <span class='ocrx_word' id='word_1_65' title='bbox 933 1260 1152 1324; x_wconf 80' lang='lat' dir='ltr'>viresque</span> <span class='ocrx_word' id='word_1_66' title='bbox 1186 1259 1405 1325; x_wconf 83' lang='lat' dir='ltr'>collapsae</span> <span class='ocrx_word' id='word_1_67' title='bbox 1437 1269 1564 1307; x_wconf 86' lang='lat' dir='ltr'>sunt.</span> <span class='ocrx_word' id='word_1_68' title='bbox 1592 1262 1711 1307; x_wconf 90' lang='lat' dir='ltr'>Nam</span> <span class='ocrx_word' id='word_1_69' title='bbox 1734 1264 1849 1306; x_wconf 74' lang='lat' dir='ltr'>&#39;cum</span> 
     </span>
     <span class='ocr_line' id='line_1_11' title="bbox 426 1335 1852 1401; baseline 0.003 -21"><span class='ocrx_word' id='word_1_70' title='bbox 426 1335 515 1399; x_wconf 87' lang='lat' dir='ltr'>ipsi</span> <span class='ocrx_word' id='word_1_71' title='bbox 547 1337 754 1384; x_wconf 84' lang='lat' dir='ltr'>Henrico</span> <span class='ocrx_word' id='word_1_72' title='bbox 777 1337 1022 1384; x_wconf 84' lang='lat' dir='ltr'>calamitas</span> <span class='ocrx_word' id='word_1_73' title='bbox 1040 1337 1260 1384; x_wconf 79' lang='lat' dir='ltr'>&#39;nuntiata</span> <span class='ocrx_word' id='word_1_74' title='bbox 1291 1336 1476 1394; x_wconf 89' lang='lat' dir='ltr'>fuisset,</span> <span class='ocrx_word' id='word_1_75' title='bbox 1505 1336 1734 1401; x_wconf 89' lang='lat' dir='ltr'>quodque</span> <span class='ocrx_word' id='word_1_76' title='bbox 1763 1354 1852 1384; x_wconf 88' lang='lat' dir='ltr'>su-</span> 
     </span>
     <span class='ocr_line' id='line_1_12' title="bbox 426 1414 1848 1480; baseline 0.002 -21"><span class='ocrx_word' id='word_1_77' title='bbox 426 1415 678 1477; x_wconf 84' lang='lat' dir='ltr'>perstitum</span> <span class='ocrx_word' id='word_1_78' title='bbox 708 1432 764 1462; x_wconf 84' lang='lat' dir='ltr'>ex</span> <span class='ocrx_word' id='word_1_79' title='bbox 787 1416 882 1462; x_wconf 90' lang='lat' dir='ltr'>suis</span> <span class='ocrx_word' id='word_1_80' title='bbox 917 1432 1085 1479; x_wconf 81' lang='lat' dir='ltr'>magna</span> <span class='ocrx_word' id='word_1_81' title='bbox 1110 1431 1221 1480; x_wconf 90' lang='lat' dir='ltr'>pars</span> <span class='ocrx_word' id='word_1_82' title='bbox 1243 1415 1507 1462; x_wconf 79' lang='lat' dir='ltr'>victoribus</span> <span class='ocrx_word' id='word_1_83' title='bbox 1538 1432 1588 1462; x_wconf 86' lang='lat' dir='ltr'>se</span> <span class='ocrx_word' id='word_1_84' title='bbox 1612 1414 1820 1462; x_wconf 86' lang='lat' dir='ltr'>dedisset</span> <span class='ocrx_word' id='word_1_85' title='bbox 1836 1451 1848 1474; x_wconf 92' lang='lat'>‚</span> 
     </span>
     <span class='ocr_line' id='line_1_13' title="bbox 427 1491 1849 1557; baseline 0.002 -21"><span class='ocrx_word' id='word_1_86' title='bbox 427 1503 473 1537; x_wconf 87' lang='lat' dir='ltr'>et</span> <span class='ocrx_word' id='word_1_87' title='bbox 492 1491 592 1554; x_wconf 87' lang='lat' dir='ltr'>jam</span> <span class='ocrx_word' id='word_1_88' title='bbox 617 1492 663 1538; x_wconf 92' lang='lat' dir='ltr'>in</span> <span class='ocrx_word' id='word_1_89' title='bbox 690 1509 840 1557; x_wconf 84' lang='lat' dir='ltr'>regno</span> <span class='ocrx_word' id='word_1_90' title='bbox 865 1509 1102 1556; x_wconf 84' lang='lat' dir='ltr'>nusquam</span> <span class='ocrx_word' id='word_1_91' title='bbox 1128 1493 1247 1540; x_wconf 80' lang='lat' dir='ltr'>foret</span> <span class='ocrx_word' id='word_1_92' title='bbox 1271 1492 1360 1539; x_wconf 92' lang='lat' dir='ltr'>sibi</span> <span class='ocrx_word' id='word_1_93' title='bbox 1382 1501 1540 1540; x_wconf 88' lang='lat' dir='ltr'>tutum</span> <span class='ocrx_word' id='word_1_94' title='bbox 1564 1492 1822 1540; x_wconf 83' lang='lat' dir='ltr'>consistere</span> <span class='ocrx_word' id='word_1_95' title='bbox 1837 1529 1849 1550; x_wconf 89' lang='lat'>,</span> 
     </span>
     <span class='ocr_line' id='line_1_14' title="bbox 428 1567 1849 1634; baseline 0.001 -21"><span class='ocrx_word' id='word_1_96' title='bbox 428 1567 625 1614; x_wconf 89' lang='lat' dir='ltr'>dimisso</span> <span class='ocrx_word' id='word_1_97' title='bbox 653 1568 889 1630; x_wconf 87' lang='lat' dir='ltr'>Eboraco,</span> <span class='ocrx_word' id='word_1_98' title='bbox 910 1570 958 1616; x_wconf 90' lang='lat' dir='ltr'>in</span> <span class='ocrx_word' id='word_1_99' title='bbox 983 1569 1191 1616; x_wconf 80' lang='lat' dir='ltr'>Scotiam</span> <span class='ocrx_word' id='word_1_100' title='bbox 1217 1569 1440 1634; x_wconf 85' lang='lat' dir='ltr'>aufugere</span> <span class='ocrx_word' id='word_1_101' title='bbox 1464 1569 1740 1634; x_wconf 89' lang='lat' dir='ltr'>compulsus</span> <span class='ocrx_word' id='word_1_102' title='bbox 1763 1577 1849 1628; x_wconf 87' lang='lat' dir='ltr'>est,</span> 
     </span>
     <span class='ocr_line' id='line_1_15' title="bbox 429 1645 1849 1714; baseline 0.001 -22"><span class='ocrx_word' id='word_1_103' title='bbox 429 1645 511 1692; x_wconf 86' lang='lat' dir='ltr'>ubi</span> <span class='ocrx_word' id='word_1_104' title='bbox 555 1663 640 1711; x_wconf 90' lang='lat' dir='ltr'>per</span> <span class='ocrx_word' id='word_1_105' title='bbox 682 1664 837 1694; x_wconf 90' lang='lat' dir='ltr'>annos</span> <span class='ocrx_word' id='word_1_106' title='bbox 885 1648 1069 1712; x_wconf 89' lang='lat' dir='ltr'>aliquos</span> <span class='ocrx_word' id='word_1_107' title='bbox 1114 1648 1245 1694; x_wconf 86' lang='lat' dir='ltr'>exsul</span> <span class='ocrx_word' id='word_1_108' title='bbox 1286 1658 1334 1695; x_wconf 89' lang='lat' dir='ltr'>et</span> <span class='ocrx_word' id='word_1_109' title='bbox 1378 1649 1607 1714; x_wconf 87' lang='lat' dir='ltr'>profugus</span> <span class='ocrx_word' id='word_1_110' title='bbox 1647 1647 1849 1695; x_wconf 86' lang='lat' dir='ltr'>delituit.</span> 
     </span>
     <span class='ocr_line' id='line_1_16' title="bbox 429 1708 1854 1791; baseline 0.002 -22"><span class='ocrx_word' id='word_1_111' title='bbox 429 1708 680 1771; x_wconf 80' lang='lat' dir='ltr'>Edoardus</span> <span class='ocrx_word' id='word_1_112' title='bbox 711 1735 895 1784; x_wconf 85' lang='lat' dir='ltr'>autem,</span> <span class='ocrx_word' id='word_1_113' title='bbox 925 1726 1114 1773; x_wconf 85' lang='lat' dir='ltr'>noviter</span> <span class='ocrx_word' id='word_1_114' title='bbox 1138 1727 1188 1772; x_wconf 91' lang='lat' dir='ltr'>in</span> <span class='ocrx_word' id='word_1_115' title='bbox 1219 1743 1379 1790; x_wconf 86' lang='lat' dir='ltr'>regem</span> <span class='ocrx_word' id='word_1_116' title='bbox 1405 1735 1696 1791; x_wconf 88' lang='lat' dir='ltr'>assumptus,</span> <span class='ocrx_word' id='word_1_117' title='bbox 1722 1733 1854 1790; x_wconf 90' lang='lat' dir='ltr'>post-</span> 
     </span>
     <span class='ocr_line' id='line_1_17' title="bbox 429 1802 1855 1869; baseline 0.002 -22"><span class='ocrx_word' id='word_1_118' title='bbox 429 1819 574 1865; x_wconf 87' lang='lat' dir='ltr'>quam</span> <span class='ocrx_word' id='word_1_119' title='bbox 597 1803 797 1850; x_wconf 88' lang='lat' dir='ltr'>victoria</span> <span class='ocrx_word' id='word_1_120' title='bbox 820 1804 998 1868; x_wconf 79' lang='lat' dir='ltr'>potitus</span> <span class='ocrx_word' id='word_1_121' title='bbox 1031 1814 1122 1865; x_wconf 85' lang='lat' dir='ltr'>est,</span> <span class='ocrx_word' id='word_1_122' title='bbox 1157 1821 1269 1851; x_wconf 90' lang='lat' dir='ltr'>cum</span> <span class='ocrx_word' id='word_1_123' title='bbox 1294 1821 1468 1868; x_wconf 87' lang='lat' dir='ltr'>magno</span> <span class='ocrx_word' id='word_1_124' title='bbox 1504 1802 1749 1869; x_wconf 84' lang='lat' dir='ltr'>triumpho</span> <span class='ocrx_word' id='word_1_125' title='bbox 1773 1819 1855 1853; x_wconf 80' lang='lat' dir='ltr'>ex-</span> 
     </span>
     <span class='ocr_line' id='line_1_18' title="bbox 428 1881 1855 1948; baseline 0.002 -23"><span class='ocrx_word' id='word_1_126' title='bbox 428 1889 592 1943; x_wconf 84' lang='lat' dir='ltr'>ceptus</span> <span class='ocrx_word' id='word_1_127' title='bbox 630 1896 658 1927; x_wconf 90' lang='lat' dir='ltr'>a</span> <span class='ocrx_word' id='word_1_128' title='bbox 691 1881 872 1942; x_wconf 83' lang='lat' dir='ltr'>civibus</span> <span class='ocrx_word' id='word_1_129' title='bbox 910 1881 1269 1930; x_wconf 89' lang='lat' dir='ltr'>Londoniarum</span> <span class='ocrx_word' id='word_1_130' title='bbox 1301 1892 1347 1930; x_wconf 91' lang='lat' dir='ltr'>et</span> <span class='ocrx_word' id='word_1_131' title='bbox 1382 1882 1573 1948; x_wconf 84' lang='lat' dir='ltr'>populis</span> <span class='ocrx_word' id='word_1_132' title='bbox 1608 1881 1766 1946; x_wconf 84' lang='lat' dir='ltr'>regui,</span> <span class='ocrx_word' id='word_1_133' title='bbox 1803 1881 1855 1928; x_wconf 89' lang='lat' dir='ltr'>in</span> 
     </span>
     <span class='ocr_line' id='line_1_19' title="bbox 429 1957 1854 2022; baseline 0.004 -20"><span class='ocrx_word' id='word_1_134' title='bbox 429 1973 586 2019; x_wconf 84' lang='lat' dir='ltr'>regem</span> <span class='ocrx_word' id='word_1_135' title='bbox 629 1957 800 2022; x_wconf 87' lang='lat' dir='ltr'>Angliae</span> <span class='ocrx_word' id='word_1_136' title='bbox 843 1958 1120 2005; x_wconf 79' lang='lat' dir='ltr'>solemniter</span> <span class='ocrx_word' id='word_1_137' title='bbox 1159 1970 1230 2007; x_wconf 87' lang='lat' dir='ltr'>est</span> <span class='ocrx_word' id='word_1_138' title='bbox 1275 1961 1524 2018; x_wconf 82' lang='lat' dir='ltr'>inunctus3</span> <span class='ocrx_word' id='word_1_139' title='bbox 1557 1969 1604 2007; x_wconf 89' lang='lat' dir='ltr'>et</span> <span class='ocrx_word' id='word_1_140' title='bbox 1640 1976 1666 2006; x_wconf 88' lang='lat' dir='ltr'>e</span> <span class='ocrx_word' id='word_1_141' title='bbox 1703 1958 1854 2006; x_wconf 87' lang='lat' dir='ltr'>domo</span> 
     </span>
     <span class='ocr_line' id='line_1_20' title="bbox 429 2035 1856 2101; baseline 0.002 -22"><span class='ocrx_word' id='word_1_142' title='bbox 429 2036 707 2081; x_wconf 85' lang='lat' dir='ltr'>Lencastriae</span> <span class='ocrx_word' id='word_1_143' title='bbox 726 2070 738 2094; x_wconf 91' lang='lat'><strong><em>‚</em></strong></span> <span class='ocrx_word' id='word_1_144' title='bbox 773 2035 834 2082; x_wconf 93' lang='lat' dir='ltr'>de</span> <span class='ocrx_word' id='word_1_145' title='bbox 858 2052 953 2098; x_wconf 87' lang='lat' dir='ltr'>qua</span> <span class='ocrx_word' id='word_1_146' title='bbox 979 2037 1211 2084; x_wconf 86' lang='lat' dir='ltr'>Henricus</span> <span class='ocrx_word' id='word_1_147' title='bbox 1233 2039 1468 2101; x_wconf 84' lang='lat' dir='ltr'>originem</span> <span class='ocrx_word' id='word_1_148' title='bbox 1488 2037 1697 2085; x_wconf 87' lang='lat' dir='ltr'>habebat</span> <span class='ocrx_word' id='word_1_149' title='bbox 1712 2072 1725 2097; x_wconf 91' lang='lat'>,</span> <span class='ocrx_word' id='word_1_150' title='bbox 1757 2036 1856 2083; x_wconf 88' lang='lat' dir='ltr'>dia-</span> 
     </span>
     <span class='ocr_line' id='line_1_21' title="bbox 428 2110 1857 2178; baseline 0.002 -22"><span class='ocrx_word' id='word_1_151' title='bbox 428 2110 568 2158; x_wconf 85' lang='lat' dir='ltr'>dema</span> <span class='ocrx_word' id='word_1_152' title='bbox 596 2113 729 2175; x_wconf 83' lang='lat' dir='ltr'>regni</span> <span class='ocrx_word' id='word_1_153' title='bbox 759 2122 805 2159; x_wconf 92' lang='lat' dir='ltr'>et</span> <span class='ocrx_word' id='word_1_154' title='bbox 832 2114 1104 2178; x_wconf 83' lang='lat' dir='ltr'>principalis</span> <span class='ocrx_word' id='word_1_155' title='bbox 1141 2123 1350 2178; x_wconf 77' lang='lat' dir='ltr'>potestas</span> <span class='ocrx_word' id='word_1_156' title='bbox 1387 2114 1448 2161; x_wconf 87' lang='lat' dir='ltr'>ad</span> <span class='ocrx_word' id='word_1_157' title='bbox 1483 2130 1631 2177; x_wconf 87' lang='lat' dir='ltr'>genus</span> <span class='ocrx_word' id='word_1_158' title='bbox 1653 2123 1700 2160; x_wconf 88' lang='lat' dir='ltr'>et</span> <span class='ocrx_word' id='word_1_159' title='bbox 1726 2112 1857 2160; x_wconf 85' lang='lat' dir='ltr'>fami-</span> 
     </span>
     <span class='ocr_line' id='line_1_22' title="bbox 428 2189 1858 2257; baseline 0.001 -22"><span class='ocrx_word' id='word_1_160' title='bbox 428 2189 540 2236; x_wconf 86' lang='lat' dir='ltr'>liam</span> <span class='ocrx_word' id='word_1_161' title='bbox 574 2191 821 2238; x_wconf 84' lang='lat' dir='ltr'>Richardi¹</span> <span class='ocrx_word' id='word_1_162' title='bbox 850 2192 1076 2239; x_wconf 84' lang='lat' dir='ltr'>revolutae</span> <span class='ocrx_word' id='word_1_163' title='bbox 1109 2203 1253 2257; x_wconf 88' lang='lat' dir='ltr'>atque</span> <span class='ocrx_word' id='word_1_164' title='bbox 1295 2194 1535 2240; x_wconf 73' lang='lat' dir='ltr'>restitmae.</span> <span class='ocrx_word' id='word_1_165' title='bbox 1572 2194 1691 2238; x_wconf 87' lang='lat' dir='ltr'>Nam</span> <span class='ocrx_word' id='word_1_166' title='bbox 1722 2207 1749 2239; x_wconf 86' lang='lat' dir='ltr'>a</span> <span class='ocrx_word' id='word_1_167' title='bbox 1780 2191 1858 2237; x_wconf 89' lang='lat' dir='ltr'>Ri-</span> 
     </span>
     <span class='ocr_line' id='line_1_23' title="bbox 429 2267 1858 2335; baseline 0.001 -21"><span class='ocrx_word' id='word_1_168' title='bbox 429 2267 629 2327; x_wconf 83' lang='lat' dir='ltr'>chardo‚</span> <span class='ocrx_word' id='word_1_169' title='bbox 655 2285 762 2332; x_wconf 86' lang='lat' dir='ltr'>rege</span> <span class='ocrx_word' id='word_1_170' title='bbox 785 2269 1032 2333; x_wconf 89' lang='lat' dir='ltr'>quondam</span> <span class='ocrx_word' id='word_1_171' title='bbox 1053 2270 1242 2334; x_wconf 80' lang='lat' dir='ltr'>Angliae,</span> <span class='ocrx_word' id='word_1_172' title='bbox 1264 2288 1409 2335; x_wconf 89' lang='lat' dir='ltr'>quem</span> <span class='ocrx_word' id='word_1_173' title='bbox 1428 2270 1659 2316; x_wconf 88' lang='lat' dir='ltr'>Henricus</span> <span class='ocrx_word' id='word_1_174' title='bbox 1674 2269 1858 2334; x_wconf 87' lang='lat' dir='ltr'>primus</span> 
     </span>
     <span class='ocr_line' id='line_1_24' title="bbox 433 2346 1834 2411; baseline 0.001 -21"><span class='ocrx_word' id='word_1_175' title='bbox 433 2346 710 2391; x_wconf 81' lang='lat' dir='ltr'>Lencastriae</span> <span class='ocrx_word' id='word_1_176' title='bbox 750 2363 898 2409; x_wconf 85' lang='lat' dir='ltr'>regno</span> <span class='ocrx_word' id='word_1_177' title='bbox 936 2347 1077 2393; x_wconf 90' lang='lat' dir='ltr'>simul</span> <span class='ocrx_word' id='word_1_178' title='bbox 1118 2357 1164 2394; x_wconf 86' lang='lat' dir='ltr'>et</span> <span class='ocrx_word' id='word_1_179' title='bbox 1202 2348 1299 2394; x_wconf 82' lang='lat' dir='ltr'>vita</span> <span class='ocrx_word' id='word_1_180' title='bbox 1336 2347 1628 2411; x_wconf 79' lang='lat' dir='ltr'>privaverat,</span> <span class='ocrx_word' id='word_1_181' title='bbox 1677 2362 1764 2410; x_wconf 85' lang='lat' dir='ltr'>per</span> <span class='ocrx_word' id='word_1_182' title='bbox 1799 2346 1834 2393; x_wconf 90' lang='lat' dir='ltr'>li</span> 
     </span>
     <span class='ocr_line' id='line_1_25' title="bbox 430 2423 1854 2490; baseline 0.003 -22"><span class='ocrx_word' id='word_1_183' title='bbox 430 2439 571 2469; x_wconf 88' lang='lat' dir='ltr'>neam</span> <span class='ocrx_word' id='word_1_184' title='bbox 595 2433 774 2470; x_wconf 85' lang='lat' dir='ltr'>rectam</span> <span class='ocrx_word' id='word_1_185' title='bbox 803 2423 901 2470; x_wconf 85' lang='lat' dir='ltr'>dux</span> <span class='ocrx_word' id='word_1_186' title='bbox 928 2424 1130 2471; x_wconf 88' lang='lat' dir='ltr'>Eboraci</span> <span class='ocrx_word' id='word_1_187' title='bbox 1155 2424 1372 2490; x_wconf 76' lang='lat' dir='ltr'>praefatus</span> <span class='ocrx_word' id='word_1_188' title='bbox 1400 2433 1448 2471; x_wconf 86' lang='lat' dir='ltr'>et</span> <span class='ocrx_word' id='word_1_189' title='bbox 1475 2425 1562 2472; x_wconf 83' lang='lat' dir='ltr'>iste</span> <span class='ocrx_word' id='word_1_190' title='bbox 1586 2423 1710 2471; x_wconf 86' lang='lat' dir='ltr'>filius</span> <span class='ocrx_word' id='word_1_191' title='bbox 1735 2423 1854 2488; x_wconf 80' lang='lat' dir='ltr'>eJus,</span> 
     </span>
     <span class='ocr_line' id='line_1_26' title="bbox 431 2499 1348 2558; baseline 0.001 -13"><span class='ocrx_word' id='word_1_192' title='bbox 431 2499 681 2546; x_wconf 87' lang='lat' dir='ltr'>Edoardus</span> <span class='ocrx_word' id='word_1_193' title='bbox 696 2535 708 2558; x_wconf 87' lang='lat'><strong><em>‚</em></strong></span> <span class='ocrx_word' id='word_1_194' title='bbox 736 2499 1036 2547; x_wconf 85' lang='lat' dir='ltr'>descendisse</span> <span class='ocrx_word' id='word_1_195' title='bbox 1060 2500 1348 2548; x_wconf 88' lang='lat' dir='ltr'>ferebantur.</span> 
     </span>
    </p>

    <p class='ocr_par' dir='ltr' id='par_1_5' title="bbox 430 2576 1860 2800">
     <span class='ocr_line' id='line_1_27' title="bbox 498 2576 1855 2643; baseline 0.002 -20"><span class='ocrx_word' id='word_1_196' title='bbox 498 2576 564 2623; x_wconf 80' lang='lat' dir='ltr'>Ad</span> <span class='ocrx_word' id='word_1_197' title='bbox 590 2577 666 2640; x_wconf 90' lang='lat' dir='ltr'>jus</span> <span class='ocrx_word' id='word_1_198' title='bbox 697 2577 857 2641; x_wconf 84' lang='lat' dir='ltr'>itaque</span> <span class='ocrx_word' id='word_1_199' title='bbox 883 2578 1062 2624; x_wconf 74' lang='lat' dir='ltr'>avitum</span> <span class='ocrx_word' id='word_1_200' title='bbox 1088 2587 1134 2624; x_wconf 90' lang='lat' dir='ltr'>et</span> <span class='ocrx_word' id='word_1_201' title='bbox 1158 2588 1426 2639; x_wconf 81' lang='lat' dir='ltr'>veternum,</span> <span class='ocrx_word' id='word_1_202' title='bbox 1457 2587 1565 2643; x_wconf 88' lang='lat' dir='ltr'>post</span> <span class='ocrx_word' id='word_1_203' title='bbox 1588 2588 1660 2625; x_wconf 86' lang='lat' dir='ltr'>tot</span> <span class='ocrx_word' id='word_1_204' title='bbox 1683 2594 1855 2638; x_wconf 85' lang='lat' dir='ltr'>annos,</span> 
     </span>
     <span class='ocr_line' id='line_1_28' title="bbox 430 2654 1858 2721; baseline 0.003 -22"><span class='ocrx_word' id='word_1_205' title='bbox 430 2656 515 2700; x_wconf 72' lang='lat' dir='ltr'>iste</span> <span class='ocrx_word' id='word_1_206' title='bbox 535 2654 800 2715; x_wconf 66' lang='lat' dir='ltr'>Edomdus,</span> <span class='ocrx_word' id='word_1_207' title='bbox 819 2672 905 2721; x_wconf 87' lang='lat' dir='ltr'>per</span> <span class='ocrx_word' id='word_1_208' title='bbox 923 2656 1064 2702; x_wconf 84' lang='lat' dir='ltr'>talem</span> <span class='ocrx_word' id='word_1_209' title='bbox 1090 2655 1539 2720; x_wconf 80' lang='lat' dir='ltr'>procellosissimam</span> <span class='ocrx_word' id='word_1_210' title='bbox 1564 2655 1858 2721; x_wconf 87' lang='lat' dir='ltr'>populorum</span> 
     </span>
     <span class='ocr_line' id='line_1_29' title="bbox 431 2734 1860 2800; baseline 0.003 -22"><span class='ocrx_word' id='word_1_211' title='bbox 431 2734 605 2797; x_wconf 81' lang='lat' dir='ltr'>Angliae</span> <span class='ocrx_word' id='word_1_212' title='bbox 640 2735 1018 2781; x_wconf 76' lang='lat' dir='ltr'>commotionem</span> <span class='ocrx_word' id='word_1_213' title='bbox 1050 2745 1095 2782; x_wconf 87' lang='lat' dir='ltr'>et</span> <span class='ocrx_word' id='word_1_214' title='bbox 1119 2736 1390 2800; x_wconf 78' lang='lat' dir='ltr'>principum</span> <span class='ocrx_word' id='word_1_215' title='bbox 1423 2735 1747 2799; x_wconf 87' lang='lat' dir='ltr'>quorumdam</span> <span class='ocrx_word' id='word_1_216' title='bbox 1771 2734 1860 2783; x_wconf 81' lang='lat' dir='ltr'>fac-</span> 
     </span>
    </p>
   </div>
   <div class='ocr_carea' id='block_1_5' title="bbox 487 2871 797 2915">
    <p class='ocr_par' dir='ltr' id='par_1_6' title="bbox 487 2871 797 2915">
     <span class='ocr_line' id='line_1_30' title="bbox 487 2871 797 2915; baseline 0 -5"><span class='ocrx_word' id='word_1_217' title='bbox 487 2873 524 2910; x_wconf 75' lang='lat'>1.</span> <span class='ocrx_word' id='word_1_218' title='bbox 560 2871 728 2911; x_wconf 83' lang='lat' dir='ltr'>Richard</span> <span class='ocrx_word' id='word_1_219' title='bbox 745 2875 797 2915; x_wconf 80' lang='lat'>11,</span> 
     </span>
    </p>
   </div>
   <div class='ocr_carea' id='block_1_6' title="bbox 2049 0 2086 563">
    <p class='ocr_par' dir='ltr' id='par_1_7' title="bbox 2049 0 2086 563">
     <span class='ocr_line' id='line_1_31' title="bbox 2049 0 2086 563; baseline 0 2965"><span class='ocrx_word' id='word_1_220' title='bbox 2049 0 2086 563; x_wconf 95' lang='lat' dir='ltr'> </span> 
     </span>
    </p>
   </div>
  </div>
 </body>
</html>
