2086 3528
516 359 592 395 184
898 355 1240 393 HISTORIARUM
1265 355 1448 394 CAROLI
1473 355 1543 392 vn

515 439 786 503 relinquere
810 452 929 501 quas
953 436 1256 501 occupabant
1285 453 1414 485 arces
1441 446 1488 484 et
1516 435 1564 483 in
1589 433 1836 482 Franciam
1858 445 1929 481 re-

516 519 619 565 dire
642 515 879 581 compulsi
903 524 1030 563 sunt.
1922 525 1925 530 ·

581 595 798 640 Instituta
819 593 978 657 igitur,
1006 603 1058 640 ut
1075 593 1375 658 praediximus
1389 631 1402 652 ,
1425 603 1471 641 et
1498 592 1720 641 ordinata
1738 607 1824 639 sua
1844 591 1931 638 mi-

515 672 613 719 litia
631 707 643 731 ,
679 671 876 718 Carolus
911 688 994 718 rex
1029 687 1142 718 cum
1173 672 1295 731 suis,
1332 671 1504 718 relictis
1543 669 1856 734 Lotharingiae
1883 677 1932 716 et

515 750 799 796 Metensium
820 750 960 813 agris,
978 750 1027 796 in
1044 750 1294 797 Franciam
1310 766 1523 797 reversus
1541 760 1628 797 est.
1655 749 1750 814 Ipsi
1771 757 1932 796 autem

515 829 748 874 Metenses
783 843 1008 891 magnam
1039 827 1142 874 auri
1172 827 1482 891 quantitatem
1509 830 1802 875 FrancOrum
1833 825 1934 890 regi

517 913 563 951 et
599 904 698 967 regi
731 906 911 951 Renato
947 903 1134 964 Siciliae,
1169 920 1340 962 suum,
1375 903 1435 951 de
1475 920 1573 968 quo
1607 921 1751 970 supra
1785 902 1933 950 locuti

518 997 711 1040 sumuS,
750 980 1152 1045 chirographum,
1184 997 1273 1046 pro
1307 979 1594 1027 redimendis
1629 979 1933 1029 vexationum

517 1057 857 1119 incommodis,
878 1069 932 1106 ut
948 1058 1092 1123 vulgo
1117 1058 1373 1119 ferebatur,
1393 1057 1707 1106 tradiderunt.

979 1243 1319 1288 CAPITULUM
1354 1242 1477 1288 VIII.

557 1366 610 1400 De
625 1364 793 1409 caedibus,
814 1366 948 1413 rapinis
963 1376 1064 1414 atque
1081 1367 1184 1403 variis
1206 1367 1402 1402 insolentiis
1421 1366 1643 1415 praesumptis
1654 1392 1665 1410 ,
1683 1364 1904 1401 currentibu-

666 1424 815 1472 treugis,
832 1425 876 1460 ab
895 1434 1042 1472 utraque
1061 1427 1213 1474 partium
1227 1453 1238 1470 ,
1256 1426 1412 1473 primum
1427 1435 1545 1461 tamen
1559 1425 1605 1461 ab
1621 1425 1788 1472 Anglicis.

587 1541 734 1586 Porro
748 1539 1005 1587 currebant
1025 1551 1202 1604 treugae
1225 1557 1336 1587 cum
1360 1539 1566 1604 Anglicis
1588 1548 1810 1605 acceptoe,
1830 1537 1941 1586 satis

518 1616 781 1680 tranquillae
797 1627 843 1664 et
855 1617 1063 1683 pacificae
1082 1619 1270 1665 circiter
1288 1635 1373 1682 per
1384 1633 1538 1665 annos
1554 1617 1694 1664 duos.
1717 1615 1809 1664 Sed
1828 1632 1941 1663 cum

518 1693 814 1757 pedetentim
839 1695 1018 1759 Anglici
1049 1694 1110 1742 ab
1135 1695 1305 1742 ordine
1329 1694 1491 1742 debito
1520 1695 1751 1758 justitiam
1779 1692 1944 1741 obser-

520 1771 669 1818 vandi
703 1770 964 1820 deficerent
987 1810 999 1834 ‚
1038 1789 1128 1820 nec
1166 1789 1261 1819 suae
1298 1773 1474 1819 militiae
1512 1771 1747 1837 stipendia
1782 1770 1943 1819 debita

519 1847 847 1908 exsolverent,
881 1866 1150 1897 assuescere
1182 1850 1393 1914 primum
1433 1850 1482 1896 in
1514 1849 1678 1910 terris,
1719 1865 1825 1913 quae
1849 1862 1943 1895 suae

520 1923 712 1972 ditionis
753 1936 914 1985 erant,
955 1926 1138 1991 praedas
1161 1943 1299 1991 agere
1317 1965 1329 1989 ,
1363 1937 1411 1974 et
1443 1944 1556 1974 cum
1584 1925 1774 1973 larvatis
1805 1925 1944 1972 facie-

520 2000 631 2048 bus¹
650 2002 843 2067 publica
866 2004 1035 2052 itinera
1057 2004 1278 2052 obsidere
1302 2013 1578 2070 coeperunt3
1601 2002 1774 2050 deinde
1802 2002 1943 2049 etiam

522 2078 739 2143 publice,
767 2098 852 2145 per
866 2097 1062 2146 magnas
1089 2082 1311 2129 cohortes
1344 2091 1391 2128 et
1420 2091 1621 2142 turmas,
1650 2089 1800 2128 totam
1823 2083 1943 2126 Nor·

522 2155 763 2202 manniam
786 2172 1080 2219 percursare,
1104 2155 1165 2202 al)
1187 2172 1287 2202 uno
1313 2164 1523 2202 extremo
1553 2170 1705 2219 usque
1735 2153 1796 2201 ad
1815 2153 1943 2200 aliud

520 2248 630 2279 cum
667 2234 851 2297 magnis
883 2233 1152 2298 agminibus
1185 2243 1482 2281 transeuntes
1495 2269 1508 2293 ‚
1543 2231 1700 2291 villas,
1738 2230 1943 2295 burgos,

521 2312 807 2359 monasteria
827 2321 874 2358 et
901 2322 1067 2359 caetera
1079 2311 1184 2359 loca
1200 2312 1358 2358 minus
1383 2310 1584 2369 munita,
1613 2309 1741 2357 unde
1766 2307 1947 2373 aliquid

521 2388 749 2451 consequi
780 2397 1002 2452 possent,
1041 2388 1364 2445 exactionare,
1406 2396 1453 2434 et
1491 2386 1553 2433 ad
1593 2385 1947 2451 redemptiones

524 2480 794 2528 perurgere.
814 2464 960 2521 Quod
984 2481 1095 2511 cum
1118 2481 1217 2511 uno
1240 2474 1458 2529 tempore
1487 2463 1655 2528 aliquis
1676 2463 1950 2527 capitaneus

522 2540 582 2588 de
606 2541 731 2590 facto
755 2543 1156 2607 praesumpsisset,
1188 2541 1408 2607 surgebat
1430 2542 1588 2589 statim
1614 2542 1751 2604 alius,
1777 2540 1948 2607 prioris

578 2719 612 2754 1.
636 2719 736 2755 C’est
757 2725 854 2756 cette
874 2718 1133 2757 cii-constance
1155 2717 1222 2769 qui
1249 2717 1304 2756 les
1332 2718 1373 2756 sit
1391 2716 1549 2770 appeler
1572 2721 1622 2756 les
1642 2718 1758 2768 saulx
1776 2717 1943 2768 visaiges.
1975 2759 1979 2762 ,

520 2779 621 2872 lVoy.
639 2780 736 2873 Ιξαπ
755 2778 939 2825 Char-tier,
950 2778 1045 2817 dans
1063 2779 1260 2829 Godefroy
1276 2787 1314 2818 et
1329 2781 1350 2817 J
1352 2792 1492 2830 aeques
1507 2778 1714 2828 Duclercq‚
1727 2779 1945 2826 Memoires,

538 2864 549 2875 .
573 2838 611 2885 1,
635 2850 655 2873 c
688 2865 696 2873 .
718 2850 773 2875 v1.
