2086 3528
513 387 590 425 262
790 424 795 429 ,
892 388 1236 427 HISTORIARUM
1264 391 1445 428 CAROLI
1473 392 1541 428 VII

514 486 681 516 rumor
705 469 766 516 ad
792 470 950 517 Caroli
974 506 986 529 ,
1006 471 1128 534 regis
1153 474 1475 532 Francorum,
1505 474 1724 520 notitiam
1750 474 1934 522 delatus

512 547 700 606 fuisset,
751 564 849 594 non
897 558 966 595 est
1004 549 1208 613 proinde
1248 561 1574 599 consternatus
1615 553 1806 611 animo3
1849 552 1934 600 sed

513 622 878 684 magnanimiter
919 639 1082 670 casum
1133 623 1387 671 adversum
1434 626 1611 687 ferens,
1667 628 1825 674 statim
1873 626 1935 674 de

512 700 726 747 remedio
772 701 1063 766 apponendo
1106 702 1346 765 cogitavit.
1400 706 1456 749 Et
1496 721 1606 751 cum
1647 706 1748 768 jam
1791 715 1935 771 caput

513 778 732 825 instantis
759 778 930 825 hiemis
957 789 1103 837 esset,
1130 780 1255 826 circa
1279 779 1498 828 videlicet
1522 781 1691 828 festum
1715 782 1934 844 omnium

513 864 790 902 sanctorum
817 871 947 902 anno
979 856 1173 902 Domini
1202 873 1457 918 mccccmn,
1485 859 1610 906 misit
1633 859 1828 923 quidem
1852 875 1937 907 rex

516 933 736 981 militaria
769 933 986 998 praesidia
1024 951 1109 998 per
1148 934 1354 997 singulas
1394 935 1605 983 civitates
1644 947 1691 984 et
1726 937 1933 1003 oppida,

516 1028 577 1058 ne
612 1011 802 1074 longius
841 1021 1153 1075 evagarentur
1188 1012 1436 1072 incendia,
1480 1030 1534 1061 ac
1577 1031 1635 1061 ne
1677 1015 1740 1063 ad
1777 1016 1937 1063 hostes

516 1089 797 1148 deficiendi,
841 1090 1060 1154 exemplo
1108 1090 1404 1153 Burdegalae,
1431 1091 1722 1140 vcivitatibus
1761 1095 1939 1142 caeteris

518 1171 666 1231 atque
711 1167 902 1232 oppidis
958 1183 1044 1232 par
1093 1167 1288 1215 facultas
1340 1169 1709 1232 permitteretur.
1748 1171 1846 1218 Sed
1889 1172 1937 1218 in

519 1253 724 1291 aestatem
749 1253 1053 1307 sequentem,
1080 1253 1315 1291 transacta
1345 1245 1526 1303 hieme,
1550 1246 1738 1293 'bellum
1770 1248 1818 1294 in
1849 1247 1941 1295 illis

518 1320 793 1383 regionibus
816 1320 1019 1384 Anglicis
1035 1321 1338 1368 inferendum
1363 1321 1552 1370 differre
1577 1324 1838 1371 constituit.

998 1533 1338 1578 CAPITULUM
1378 1535 1454 1578 Vl.

567 1671 731 1706 Secunda
748 1670 926 1719 expeditio
945 1672 1151 1718 Aquitanica
1163 1699 1172 1716 ‚
1191 1685 1260 1718 qua
1280 1684 1341 1706 rex
1360 1672 1508 1706 Carolus
1524 1671 1682 1707 serundo
1701 1673 1834 1720 Anglos
1850 1672 1896 1708 de

849 1730 1046 1778 Burdegala
1061 1740 1095 1765 et
1103 1731 1291 1777 Aquitania
1309 1731 1447 1778 penitus
1462 1731 1608 1780 expulit.

588 1858 733 1920 lgitur
753 1856 912 1904 hieme
945 1856 1176 1921 praeterita
1198 1867 1243 1903 et
1261 1858 1358 1920 jam
1382 1857 1551 1903 aestivis
1583 1857 1802 1904 restitutis
1821 1867 1943 1907 tem-

522 1936 746 2001 poribuS,
779 1935 989 1982 decrevit
1020 1952 1124 1994 rex,
1153 1935 1413 1999 prudenter
1450 1934 1628 1997 negotii
1659 1934 1941 1983 arduitatem

522 2013 787 2078 pensitanS,
821 2029 907 2077 per
933 2014 1238 2077 semetipsum
1263 2013 1344 2059 illo
1367 2012 1720 2077 expeditionem
1745 2011 1938 2060 ducere.

525 2095 628 2156 Ipse
662 2091 867 2156 quippe,
895 2108 952 2137 eo
976 2091 1106 2154 quod
1137 2090 1250 2136 alias
1282 2090 1342 2136 ad
1375 2101 1519 2136 terras
1550 2089 1652 2136 illas
1674 2089 1942 2155 expeditio-

525 2185 636 2215 nem
667 2178 835 2216 contra
870 2168 1064 2215 eosdem
1101 2168 1275 2231 Anglos
1309 2166 1539 2224 duxisset,
1565 2183 1676 2213 cum
1709 2167 1943 2232 oppidum

524 2247 585 2293 de
625 2249 795 2292 Tartas
834 2244 995 2292 fuisset
1032 2261 1058 2291 a
1097 2245 1193 2291 suis
1225 2243 1473 2290 obsessum
1508 2243 1944 2306 (quemadmodum

524 2339 668 2389 supra
690 2322 983 2384 retulimus),
1020 2322 1165 2368 totius
1191 2321 1314 2368 illius
1349 2331 1482 2367 terrae
1514 2321 1732 2368 notitiam
1765 2315 1946 2386 optime

522 2400 747 2449 habebat.
784 2400 1049 2447 Contractis
1079 2400 1239 2463 itaque
1265 2399 1449 2461 magnis
1478 2399 1691 2462 equitum
1726 2415 1781 2446 ac
1809 2400 1944 2465 pedi-

524 2489 626 2526 tum
673 2478 851 2543 copiis,
900 2476 982 2523 illo
1030 2492 1140 2522 cum
1187 2475 1397 2522 exercitu
1441 2492 1522 2523 rex
1564 2475 1804 2540 profectus
1845 2487 1941 2540 est,

523 2557 688 2604 relicto
718 2554 779 2602 ad
811 2553 1077 2602 custodiam
1111 2553 1414 2600 Normanniae
1443 2552 1612 2599 illustri
1641 2554 1817 2601 comite
1845 2556 1946 2601 Du·

522 2634 681 2693 nensi,
721 2649 866 2697 quem
894 2640 1152 2695 cognatum
1183 2629 1481 2693 singulariter
1514 2629 1752 2695 appellare
1779 2630 1946 2678 solitus

520 2723 635 2760 erat.
668 2713 763 2770 Qui
797 2728 907 2759 cum
946 2710 1123 2758 caeteris
1159 2708 1362 2755 ducibus
1400 2719 1447 2756 et
1483 2708 1764 2756 militaribus
1795 2709 1946 2775 copiis

519 2791 786 2838 defensioni
825 2787 1128 2836 Normanniae
1167 2786 1366 2834 solerter
1408 2804 1462 2833 ac
1509 2787 1710 2834 fideliter
1753 2787 1943 2835 iuterim

517 2868 756 2926 incubuit,
793 2869 856 2915 ita
881 2876 931 2913 ut
955 2866 1111 2928 Angli,
1145 2865 1252 2912 licet
1276 2865 1423 2912 multa
1453 2866 1865 2913 comminarentur
1894 2875 1941 2913 et
