2086 3528
483 391 557 427 312
858 385 1200 424 HISTORIARUM
1226 387 1406 426 CAROLI
1433 388 1501 423 VII

481 473 722 523 medicum
742 471 913 536 patris,
938 486 1083 534 quem
1105 469 1169 516 ob
1192 469 1523 533 hujuscemodi
1546 470 1645 519 doli
1665 472 1891 537 suspicio-

483 567 594 597 nem
647 558 780 614 pater
829 549 879 595 in
926 563 1114 595 carcere
1161 546 1403 595 detinebat
1446 549 1495 595 in
1542 565 1651 596 arce
1694 549 1892 596 civitatis

481 628 824 688 Bsturicensis',
868 626 948 685 cui
985 642 1163 673 nomen
1197 635 1298 673 erat
1327 626 1477 674 Adam
1506 631 1704 688 Fumeie,
1734 629 1892 677 statim

478 716 588 771 post
607 705 752 770 patris
772 703 984 763 obitum,
1008 720 1108 750 non
1127 703 1275 750 modo
1296 703 1515 752 liberavit
1528 742 1540 765 ‚
1564 706 1648 753 sed
1665 716 1718 753 et
1732 706 1894 754 hono-

478 782 608 831 ribus
646 781 1039 846 adauxit3=quod
1076 791 1122 828 et
1160 781 1370 829 similiter
1407 782 1468 829 de
1499 783 1710 848 quodam
1745 784 1893 850 patris
1907 809 1914 821 1

477 860 702 923 chirurgo
730 860 867 921 fecit,
897 860 1005 923 qui,
1031 869 1164 924 patre
1198 860 1415 921 vivente,
1449 876 1549 909 sese
1581 862 1704 910 male
1734 879 1918 927 suspe-x

477 948 606 986 ctum
642 939 848 985 sentiens
865 974 876 996 ‚
905 937 1048 1003 paulo
1071 948 1181 985 ante
1204 939 1304 1002 ejus
1340 939 1548 1001 obitum,
1574 942 1895 990 Valencenas'

476 1016 740 1080 aufugerat.
765 1019 885 1063 Cum
904 1026 1062 1063 autem
1079 1016 1139 1064 de
1158 1017 1306 1064 domo
1323 1018 1469 1082 patris
1488 1027 1535 1065 et
1550 1034 1697 1082 regno
1713 1020 1890 1084 plures,
1909 1066 1912 1069 ,

476 1091 700 1156 lugubres
739 1093 1003 1140 deferentes
1037 1103 1190 1141 vestes
1223 1095 1287 1142 ob
1324 1095 1539 1143 defuncti
1572 1097 1694 1160 regis
1728 1096 1894 1144 hono-

477 1187 581 1217 rem
604 1171 744 1217 simul
764 1181 811 1218 et
829 1188 1068 1231 amorem,
1098 1171 1160 1219 ad
1184 1189 1296 1219 eum
1319 1172 1659 1238 undecumque
1681 1173 1894 1223 conflue-

479 1258 610 1308 rent,
636 1265 718 1295 eos
749 1264 776 1296 a
810 1265 898 1295 suo
930 1259 1190 1314 conspectu
1227 1251 1416 1314 penitus
1447 1250 1682 1312 inhibuit,
1717 1251 1890 1310 donec,

479 1325 580 1372 aliis
619 1326 781 1373 amicti
818 1326 1058 1387 vestibus,
1096 1327 1375 1392 hujusmodi
1416 1328 1608 1377 habitus
1655 1330 1812 1377 luctus
1849 1339 1898 1379 et

481 1404 700 1451 moeroris
725 1406 994 1451 exuerenff‘.

943 1544 1285 1591 CAPITULUM
1316 1546 1460 1593 XXII.

767 1654 821 1687 De
836 1653 995 1688 moribus
1010 1662 1045 1689 et
1060 1654 1327 1690 conditionibus
1343 1655 1464 1691 Caroli
1477 1656 1568 1704 regis
1583 1656 1611 1691 ⁴.

548 1759 654 1805 Fuit
686 1769 846 1807 autem
884 1762 985 1826 ipse
1028 1762 1222 1810 Carolus
1257 1780 1338 1811 rex
1377 1774 1554 1813 statura
1587 1765 1818 1815 mediocri
1853 1777 1900 1816 et

483 1834 615 1883 bona
645 1837 789 1897 faeie,
825 1836 947 1886 satis*
969 1851 1196 1902 venusta,
1229 1843 1375 1906 aequis
1403 1842 1641 1904 humeriS,
1678 1844 1764 1892 sed
1792 1861 1900 1901 cru-v

483 1912 617 1960 ribus
649 1930 705 1961 ac
730 1915 855 1962 tibiis
884 1917 1013 1980 justo
1039 1919 1206 1967 exilior
1228 1931 1374 1985 atque
1411 1920 1644 1968 subtilior.
1672 1924 1794 1970 Cum
1826 1932 1901 1971 to-

487 2000 622 2054 gatus
647 2002 795 2053 esset,
824 1994 936 2041 satis
961 1995 1165 2060 eleganti
1187 1998 1342 2063 specie
1367 1998 1652 2064 apparebat3
1679 1998 1764 2047 sed
1788 2015 1899 2047 cum

485 2078 619 2116 curta
658 2079 788 2117 veste
824 2071 1128 2136 indueretur,
1168 2075 1302 2138 quod
1337 2075 1536 2123 faciebat
1574 2076 1896 2140 frequentius,

486 2162 650 2210 panno
693 2148 858 2196 viridis
896 2160 1033 2197 utens
1068 2152 1269 2212 coloris,
1306 2169 1418 2200 eum
1455 2153 1634 2201 exilitas
1669 2153 1820 2201 cruris
1853 2163 1901 2202 et

485 2224 733 2282 tibiarum,
760 2243 873 2274 cum
901 2230 1148 2294 utriusque
1180 2231 1370 2296 poplitis
1393 2240 1580 2278 tumore
1603 2241 1650 2278 et
1670 2247 1833 2278 versus
1851 2248 1901 2280 se

486 2301 693 2348 invicem
723 2305 930 2367 quadam
955 2306 1085 2353 velut
1118 2307 1397 2368 inflexione,
1425 2307 1689 2356 deformem
1712 2318 1901 2356 utcum-

485 2394 579 2442 que
606 2379 926 2428 ostentabant.
955 2382 1058 2428 Cibi
1092 2399 1147 2430 ac
1181 2394 1323 2449 potus
1357 2385 1466 2431 satis
1494 2394 1764 2451 temperans
1786 2385 1900 2444 fuit,

485 2455 618 2520 quod
641 2455 798 2505 eidem
821 2457 882 2504 ad
903 2458 1188 2507 valetudinis
1208 2460 1347 2508 bonae
1370 2462 1782 2511 conservationem
1802 2461 1905 2528 plu-

485 2532 662 2582 rimum
694 2534 988 2583 conferebat,
1033 2539 1153 2584 Raro
1191 2538 1368 2604 quippe
1406 2539 1675 2588 infirmatus
1709 2549 1809 2598 est,
1844 2556 1903 2588 eo

540 2644 577 2680 1.
613 2660 630 2676 ιι
651 2645 756 2682 Dans
777 2643 813 2681 la
833 2657 964 2695 grosse
977 2652 1070 2683 tour
1092 2644 1141 2683 de
1160 2647 1346 2699 Bourges.
1370 2663 1387 2682 »ι

538 2704 575 2741 2.
610 2702 900 2742 Valenciennes.

538 2765 575 2800 3.
607 2766 770 2816 Passage
789 2777 917 2802 connu
937 2777 1006 2816 par
1035 2765 1088 2803 les
1108 2767 1256 2805 Noeices
1276 2771 1340 2806 des
1363 2774 1585 2807 manuscrits
1598 2800 1608 2818 ‚
1633 2778 1660 2810 t.
1679 2772 1697 2808 I
1710 2797 1722 2817 ‚
1747 2782 1786 2820 p.
1810 2770 1902 2809 ⁴37.

534 2824 572 2859 4.
605 2822 785 2875 Chapitre
818 2823 995 2875 imprime
1019 2825 1260 2885 'recemment
1290 2840 1359 2879 par
1391 2831 1442 2866 M.
1473 2828 1598 2867 Vallet
1632 2828 1681 2868 de
1715 2827 1900 2867 Virivine.

479 2884 576 2932 Voy.
605 2882 863 2934 Bibliothdqae
893 2886 940 2923 de
965 2888 1105 2924 l’Ecole
1124 2888 1190 2924 des
1205 2889 1372 2940 chamos,
1400 2898 1426 2928 t.
1449 2892 1486 2930 11
1505 2892 1567 2940 (3·
1586 2890 1725 2940 serie),
1743 2903 1783 2943 p.
1807 2890 1898 2928 301.
