2086 3528
701 369 851 408 LIBER
878 368 1146 408 SECUNDUS.
1587 367 1638 404 77

219 453 431 519 receptui
464 452 764 513 cecinerunt,
802 462 849 500 et
871 469 974 500 non
1009 451 1188 517 absque
1211 451 1390 499 damno
1415 460 1462 498 et
1490 450 1639 499 dede-

218 532 330 579 core
351 540 480 578 retro
503 529 726 578 abierunt
741 531 769 577 ¹.

283 612 400 668 Quae
415 625 525 656 cum
540 608 623 670 ita⁷
641 619 818 656 temere
834 609 946 656 satis
966 609 1196 657 intentata
1209 646 1221 670 ‚
1249 608 1299 654 in
1321 608 1453 656 irrita
1475 607 1641 655 cessis-

217 696 340 744 sent,
365 687 480 734 etin
497 687 948 752 Sancto-Dionysio,
973 704 1107 754 paene
1130 688 1501 752 circumquaque
1518 690 1642 734 inter

217 760 378 810 hostes
395 762 635 821 conclusi,
660 762 743 826 qui
763 762 975 810 civitates
1000 772 1047 810 et
1068 761 1260 810 castella
1280 763 1437 809 vicina
1457 762 1644 810 detine-

216 834 352 900 bant,
378 838 655 886 victualium
686 849 1058 906 caeterarumque
1086 857 1246 888 rerum
1270 841 1643 889 necessariarum

173 978 178 984 ⁸
215 914 378 983 impia
399 918 567 964 Franci
593 928 940 982 premerentur,
967 919 1093 967 circa
1124 919 1471 978 Silvanectum,
1498 936 1644 984 quam

217 993 455 1043 civitatem
488 994 667 1058 Anglici
703 996 1026 1061 occupabant,
1054 996 1256 1044 abcessit
1289 1013 1371 1044 rex
1409 1014 1520 1044 cum
1556 1014 1644 1045 suo

217 1072 442 1120 exercitu.
461 1073 533 1120 Ad
556 1090 702 1138 quam
719 1074 1075 1123 defendendam
1093 1075 1336 1122 civitatem
1351 1075 1527 1137 statim,
1547 1078 1646 1123 An-

217 1149 407 1216 glorum
429 1152 685 1200 contractis
706 1153 919 1218 undique
943 1154 1113 1220 copiis,
1140 1154 1349 1201 occurrit
1372 1153 1470 1201 dux
1500 1154 1646 1201 Beth-

216 1227 410 1291 fordiae,
450 1239 699 1295 castraque
738 1240 942 1279 metatus
977 1241 1076 1291 est,
1115 1248 1220 1296 quae
1255 1247 1312 1278 ex
1354 1230 1646 1296 quibusdam

216 1307 393 1370 stagnis
426 1306 778 1373 paludibusque
808 1308 1138 1373 adjacentibus
1169 1309 1448 1357 munitior&
1464 1319 1512 1356 et
1543 1326 1645 1374 non

216 1383 309 1431 nisi
325 1400 437 1431 cum
454 1383 732 1433 difficultate
756 1396 801 1433 et
825 1387 1039 1452 periculo
1070 1387 1359 1435 accessibilia
1380 1386 1646 1435 reddeban-

218 1469 311 1508 tur.
339 1463 394 1508 In
418 1462 594 1526 quibus
624 1480 735 1510 cum
769 1463 954 1529 aliquot
975 1465 1312 1531 permansisset
1335 1463 1520 1527 diebus,
1544 1475 1591 1512 et
1618 1481 1646 1512 a

219 1541 510 1587 Francorum
528 1542 735 1589 exercitu
750 1552 871 1590 esset
888 1544 1023 1608 quasi
1039 1543 1277 1603 obsessus,
1292 1559 1381 1590 nec
1398 1544 1647 1609 pugnandi

216 1617 406 1683 copiam
430 1618 584 1667 facere
607 1629 764 1667 tutum
781 1621 1016 1669 ullatenus
1034 1622 1341 1680 existimaret,
1367 1632 1518 1670 noctu
1534 1639 1646 1671 cum

216 1693 313 1742 suis
335 1695 539 1761 Anglicis
561 1697 764 1747 Parisios
790 1716 955 1748 versus
976 1700 1265 1766 repedavit'.

678 1896 1023 1946 CAPITULUM
1057 1900 1179 1945 XIV.

215 1999 410 2044 Quomodo
425 2003 545 2050 plures
562 2005 716 2042 civitates
731 2007 929 2044 Galliarum
943 2010 988 2044 ab
1005 2010 1160 2058 Anglicis
1178 2010 1225 2046 ad
1239 2011 1409 2047 Carolum
1423 2013 1644 2048 Francorum

391 2075 509 2111 regem
526 2064 730 2102 defecerunt
741 2094 751 2111 ‚
767 2077 802 2103 et
814 2069 998 2116 quomodo
1015 2072 1212 2107 Carnotum
1232 2073 1299 2108 suit
1312 2082 1469 2121 captum;

287 2180 396 2237 Quo
416 2179 639 2244 abeunte,
660 2183 823 2232 civitas
839 2186 1163 2235 Silvanectum
1181 2188 1479 2237 deditionem
1501 2191 1610 2238 fecit
1630 2210 1642 2252 3

220 2257 354 2321 quod
375 2268 423 2306 et
452 2260 1128 2329 simpliciterbCom'pendium,
1158 2267 1432 2331 Belvacum,
1460 2270 1647 2318 Laudu-

221 2351 358 2396 num,
389 2338 595 2398 Suessio,
627 2341 830 2388 Senonis
868 2341 955 2407 [et]
987 2344 1132 2409 paulo
1164 2355 1272 2411 post
1295 2346 1523 2412 pleraque
1557 2348 1646 2395 alia

221 2412 399 2477 oppida
443 2423 490 2461 et
521 2416 711 2465 castella
743 2417 956 2467 fecerunt
972 2455 986 2478 ,
1013 2421 1062 2468 in
1085 2421 1261 2487 quibus
1284 2424 1414 2473 nulla
1440 2425 1646 2473 militum

220 2489 440 2553 praesidia
458 2527 470 2551 ,
496 2493 571 2540 vel
587 2494 764 2542 civium
783 2513 838 2544 ac
859 2497 1129 2546 incolarum
1158 2518 1363 2550 numero
1388 2519 1443 2551 ac
1464 2503 1647 2551 viribus

133 2577 139 2583 ·
221 2567 423 2633 imparia
447 2579 588 2636 atque
610 2573 858 2637 inferiora,
885 2577 1180 2626 exstiterunt.

197 2668 203 2671 Δ
275 2695 293 2731 1
307 2722 317 2731 .
345 2696 401 2732 Le
420 2695 443 2732 8
459 2694 674 2746 septembre
693 2699 812 2737 1429.

272 2755 315 2820 2.
347 2756 380 2791 Il
392 2768 419 2806 y
431 2767 454 2792 a
471 2755 726 2797 interversion
747 2759 814 2798 des
825 2760 911 2799 faits
930 2761 1123 2802 danstout
1134 2777 1178 2802 ce
1190 2764 1434 2817 paragrapho
1448 2772 1486 2803 et
1501 2764 1596 2804 dans
1611 2768 1647 2806 le

224 2821 390 2853 sulvant.
412 2817 468 2852 La
485 2824 687 2856 rencontre
706 2818 759 2856 du
777 2818 852 2858 duc
864 2820 913 2859 de
930 2822 1118 2861 Bethford
1137 2832 1174 2861 et
1187 2824 1241 2862 les
1260 2826 1470 2876 conquetes
1485 2838 1534 2863 au
1547 2825 1647 2864 nord

226 2871 274 2910 de
291 2872 400 2912 Paris
417 2883 554 2914 eurent
571 2875 650 2915 lieu
668 2886 785 2917 avant
803 2879 839 2918 la
861 2881 1044 2921 tentative
1065 2883 1155 2922 faite
1169 2897 1237 2922 sur
1255 2885 1361 2923 Paris
1376 2884 1588 2928 lui-meme.
