2086 3528
521 381 571 417 68
905 375 1246 418 HISTORIARUM
1273 383 1456 420 CAROLI
1483 383 1553 419 VH

522 462 795 525 caeterisque
827 461 1102 508 necessariis
1148 479 1252 526 quae
1283 479 1371 510 suo
1415 462 1726 510 convenirent
1766 460 1935 517 statui,

519 555 626 587 eam
649 556 706 586 ex
727 537 837 585 loco
870 538 1068 602 originis
1085 539 1312 604 praedicto
1335 541 1396 588 ad
1420 540 1646 588 Carolum
1669 554 1829 604 regem
1849 541 1938 585 Tu-

518 633 695 663 ronum
719 632 871 680 usque
893 616 1116 680 perduxit
1130 620 1158 664 ¹.
1423 613 1428 618 ’

587 695 706 752 Ubi,
734 711 847 742 cum
870 710 1030 759 regem
1059 712 1087 743 a
1125 712 1174 743 se
1212 696 1467 744 salutatum
1501 696 1562 743 de
1593 695 1827 743 adventus
1866 694 1940 741 sui

519 789 662 821 causa
679 783 727 820 et
754 772 891 820 dictae
922 773 1094 821 Puellae
1122 773 1413 822 adductione
1434 775 1689 822 certiorem
1722 772 1937 832 fecisset,

521 868 600 899 rex
638 851 937 916 aliquantum
980 851 1208 899 sollicitus
1252 869 1395 918 super
1438 853 1564 900 dicta
1614 852 1683 900 rei
1729 851 1942 898 novitate

520 930 695 988 factus,
729 929 898 976 Puellae
932 930 1284 995 simplicitatem
1319 939 1462 994 atque
1490 930 1800 977 rusticitatem
1833 945 1943 994 per-

518 1007 734 1073 pendens
750 1046 762 1070 ,
789 1007 851 1055 ad
876 1007 1254 1072 colloquendum
1276 1024 1439 1055 secum
1462 1024 1568 1056 eam
1591 1007 1844 1056 admittere
1867 1023 1942 1054 re-

518 1071 718 1134 cusavit.
742 1087 835 1134 Sed
854 1086 916 1134 ad
933 1103 1039 1134 eam
1059 1086 1320 1134 nonnullos
1337 1085 1397 1133 de
1415 1086 1615 1134 consilio
1638 1102 1693 1134 ac
1711 1085 1943 1133 comitatu

519 1181 609 1212 suo
638 1165 788 1222 misit,
815 1165 898 1229 qui
920 1164 974 1213 ea
1000 1181 1104 1230 quae
1127 1164 1216 1211 sibi
1241 1164 1399 1211 dicere
1425 1180 1481 1212 ac
1507 1163 1716 1211 revelare
1735 1162 1875 1211 vellet
1896 1172 1944 1210 et

517 1259 622 1307 quae
654 1243 892 1291 missionis
920 1260 1015 1291 suae
1041 1244 1174 1307 signa
1194 1242 1495 1302 ostenderet,
1523 1242 1707 1290 cautius
1734 1251 1782 1289 et
1811 1240 1942 1289 calli-

517 1320 626 1367 dius
653 1319 714 1368 ab
739 1337 797 1368 ea
819 1321 1115 1386 explorando
1141 1321 1305 1369 omnia
1326 1329 1772 1386 percunctarentur.
1802 1320 1944 1384 Atqui
2006 1352 2022 1362 .

517 1407 794 1446 constanter
819 1399 1044 1446 omnibus
1075 1399 1178 1464 ipsa
1208 1398 1456 1463 respondit
1492 1415 1542 1445 se
1566 1397 1744 1445 habere
1781 1396 1945 1445 divina

507 1477 725 1540 jussione
756 1486 935 1524 secreta
963 1476 1183 1542 quaedam
1211 1478 1311 1540 regi
1339 1476 1577 1541 pandere,
1610 1493 1716 1540 quae
1739 1474 1829 1522 sibi
1858 1474 1945 1522 soli

516 1554 732 1619 nullique
760 1556 895 1602 alteri
918 1555 1184 1620 patefacere
1209 1564 1393 1620 posset;
1429 1554 1670 1602 missionis
1699 1570 1816 1602 vero
1850 1569 1946 1601 suae

516 1632 629 1681 talia
650 1633 782 1697 signa
808 1643 1127 1693 ostensuram,
1156 1634 1194 1679 si
1216 1632 1278 1679 ad
1300 1632 1598 1697 colloquium
1619 1649 1762 1679 suum
1784 1648 1834 1680 se
1862 1648 1946 1680 rex

516 1709 776 1770 admiserit,
803 1711 938 1775 quod
960 1710 1021 1758 de
1043 1710 1334 1757 revelatione
1358 1710 1448 1757 sibi
1471 1727 1499 1758 a
1520 1713 1624 1758 Deo
1648 1709 1770 1757 facta
1790 1708 1945 1757 nulla-

517 1797 656 1836 tenus
678 1789 729 1836 in
758 1789 954 1855 ancipiti
988 1805 1182 1836 manere
1211 1799 1389 1854 posset.
1418 1788 1513 1836 Sed
1534 1788 1608 1836 his
1633 1788 1946 1838 nihilominus

516 1866 581 1913 ita
611 1866 672 1913 ab
708 1883 764 1915 ea
798 1867 1013 1926 assertiS,
1054 1884 1137 1915 rex
1173 1884 1261 1932 per
1292 1866 1549 1915 decursum
1585 1866 1772 1916 circiter
1800 1867 1946 1915 trium

518 1945 758 1993 mensium
782 1962 889 1994 eam
911 1945 1079 1994 audire
1101 1945 1420 1993 detrectavit².
1445 1948 1555 2004 Quo
1581 1945 1824 1994 defluente
1844 1961 1946 2012 spa-

517 2024 584 2070 tio
606 2061 619 2085 ‚
659 2023 880 2072 obsessos
920 2024 1281 2072 Aurelianenses
1324 2023 1430 2072 dira
1467 2024 1614 2071 fames
1654 2033 1702 2071 et
1734 2023 1946 2090 plurium

515 2100 741 2148 humanis
777 2101 945 2149 usibus
983 2101 1360 2149 necessariarum
1395 2117 1558 2148 rerum
1591 2101 1791 2166 penuria
1827 2117 1946 2149 con-.-

516 2179 831 2243 stringebant.
848 2183 955 2245 Ipsa
969 2196 1084 2227 vero
1099 2182 1283 2227 Joanna
1301 2179 1484 2243 regium
1500 2178 1771 2240 consilium,
1794 2178 1944 2227 modo

516 2256 685 2318 istum,
706 2257 856 2304 modo
883 2257 1018 2304 illum
1042 2274 1096 2304 ex
1122 2256 1414 2321 primoribus
1437 2272 1548 2321 erga
1567 2272 1727 2321 regem
1743 2256 1945 2322 assiduis

515 2333 979 2399 interpellationibus
1009 2334 1254 2400 fatigabat,
1287 2334 1528 2382 affirmans
1563 2342 1941 2399 perseveranter,

518 2426 569 2458 se
600 2411 639 2457 si
672 2427 755 2459 rex
783 2411 949 2459 audire
982 2411 1123 2460 vellet
1155 2421 1203 2460 et
1231 2427 1338 2476 quae
1372 2411 1461 2459 sibi
1490 2411 1717 2460 divinitus
1745 2410 1945 2460 manda-

517 2487 695 2537 bantur
707 2489 986 2556 adimplere‚
1009 2490 1184 2538 auxilia
1203 2490 1292 2537 sibi
1308 2490 1608 2555 obsessisque
1624 2507 1679 2538 ac
1691 2491 1779 2538 toti
1796 2506 1944 2557 regno

517 2578 834 2632 proventura;
879 2569 952 2616 sin
987 2584 1100 2616 vero
1136 2569 1185 2616 in
1218 2586 1302 2616 sua
1336 2569 1617 2635 persistisset
1649 2569 1940 2635 pertinacia,

576 2703 613 2740 1.
646 2703 699 2741 Ce
716 2703 815 2740 n’est
835 2714 903 2754 pas
923 2700 1068 2739 Robert
1088 2700 1135 2739 de
1156 2699 1411 2740 Baudricourt
1435 2701 1641 2742 lui-meme
1667 2703 1734 2755 qui
1761 2701 1942 2754 l’amena,

519 2762 615 2800 mais
637 2761 704 2800 des
723 2774 934 2814 personnes
957 2760 1005 2799 de
1032 2759 1162 2799 bonne
1187 2760 1345 2799 volonte
1367 2761 1525 2814 agreees
1548 2775 1619 2815 par
1637 2762 1715 2813 lui;
1747 2771 1786 2803 et
1815 2763 1853 2803 le
1883 2763 1942 2802 roi

519 2822 632 2869 etait,
652 2834 732 2860 non
751 2834 820 2874 pas
838 2825 860 2859 a
878 2824 1000 2859 Tours
1014 2850 1024 2868 ,
1046 2820 1141 2858 mais
1161 2822 1183 2858 ὸ
1202 2819 1367 2859 Chinon.

573 2884 610 2919 2.
644 2884 803 2928 Eireur,
823 2881 858 2920 le
875 2881 934 2920 roi
951 2880 1099 2919 l'admit
1117 2882 1138 2918 a
1159 2893 1235 2919 une
1252 2888 1440 2920 entrevue
1459 2880 1527 2920 des
1541 2881 1683 2933 qu’elle
1699 2882 1756 2921 fut
1771 2880 1937 2922 arrivee.
