2086 3528
495 366 574 404 266
881 363 1223 403 HISTORIARUM
1250 363 1432 403 CAROLI
1458 365 1530 402 VII

496 447 656 504 exitio,
675 446 711 492 si
732 455 828 508 tam
850 444 1035 491 munita
1053 453 1206 491 castra
1220 447 1514 492 Francorum
1530 455 1708 493 temere
1725 438 1915 511 aggredi

497 524 773 571 destinaret.
815 520 1171 586 Exspectandos
1217 538 1317 568 esse
1353 539 1466 570 suos
1497 523 1680 588 pedites
1711 534 1916 588 suasque

499 599 740 646 machinas
766 597 1024 654 suadebat,
1054 597 1230 661 quibus
1259 598 1307 643 in
1335 615 1486 645 unum
1521 617 1683 647 secum
1705 600 1912 660 coactis,

497 681 571 726 vel
593 678 813 724 consulto
831 715 843 737 ,
871 694 970 723 non
998 687 1262 741 praerupte,
1291 676 1450 724 hostes
1472 679 1806 743 aggrederetur
1835 690 1939 726 θεν·

499 770 743 820 pugnare,
783 754 856 800 vel
901 753 947 799 in
984 769 1083 817 quo
1119 753 1277 799 minus
1307 752 1519 803 futurum
1559 765 1681 802 esset
1717 755 1917 821 periculi

498 843 648 879 castra
689 847 839 895 prope
871 830 1128 886 metand0‚
1171 846 1282 889 θοε,
1314 830 1448 878 famis
1483 832 1641 880 inedia
1677 843 1728 895 'et
1754 849 1916 880 rerum

499 908 873 956 necessariarum
909 907 1108 972 penuria
1145 917 1372 965 arctatos,
1404 918 1486 955 aut
1519 926 1568 957 se
1604 909 1808 971 dedere,
1835 919 1919 958 aut

499 1004 582 1034 eos
615 985 840 1048 congredi
880 995 926 1031 et
958 1002 983 1031 e
1018 986 1182 1031 castris
1210 986 1307 1031 suis
1339 1002 1618 1051 erumpere,
1650 988 1724 1035 vel
1757 982 1916 1053 fugam

501 1064 714 1127 accipere
761 1061 1133 1126 compellerent3
1182 1078 1280 1108 non
1331 1078 1431 1110 esse
1472 1063 1562 1111 sibi
1611 1065 1917 1113 metuendam

500 1157 704 1188 annonae
732 1138 1073 1196 defectionem,
1112 1155 1222 1185 cum
1260 1140 1411 1204 patria
1445 1150 1543 1188 tota
1571 1141 1685 1206 ipsis
1711 1141 1914 1202 faveret,

500 1235 664 1266 exesos
707 1233 822 1264 vero
871 1218 1001 1263 velut
1043 1233 1191 1263 saevos
1234 1216 1395 1264 hostes
1438 1217 1638 1266 haberet
1681 1222 1915 1280 Francos,

500 1311 623 1359 quos
664 1302 948 1358 propterea,
994 1293 1205 1339 decursis
1239 1292 1407 1340 diebus
1446 1295 1766 1359 paucissimiS‚
1807 1312 1920 1344 cum

501 1371 630 1418 nulla
668 1386 862 1417 annona
903 1370 962 1416 ad
996 1386 1078 1417 eos
1115 1369 1286 1417 deferri
1333 1381 1521 1435 posset,
1567 1388 1760 1420 necesse
1798 1372 1920 1420 foret

501 1450 624 1496 fame
670 1458 716 1495 et
757 1449 956 1512 penuria
998 1447 1244 1506 laborare,
1291 1458 1337 1494 et
1378 1465 1464 1513 per
1504 1448 1598 1496 hoc
1643 1459 1726 1497 aut
1760 1450 1919 1513 fugam

501 1543 671 1591 capere
699 1535 803 1581 aut,
833 1525 992 1572 relicta
1028 1525 1292 1573 munitione
1327 1535 1622 1585 castrorum,
1661 1527 1710 1574 in
1739 1544 1822 1575 eos
1845 1529 1919 1575 in·

503 1604 647 1651 silire.
1143 1595 1149 1607 ’

566 1679 754 1727 Talibus
793 1679 1009 1744 praefatus
1041 1679 1278 1741 Thomas,
1315 1680 1534 1743 signifer,
1577 1682 1840 1746 prudenter
1873 1691 1936 1735 et*

501 1757 739 1822 sapienter
766 1757 880 1804 dicti
903 1757 1086 1804 domini
1111 1757 1172 1803 de
1208 1756 1403 1803 Talebot
1431 1759 1744 1806 temeritatem
1771 1775 1919 1808 cona-

501 1835 642 1882 batur
673 1845 903 1882 avertere.
932 1837 1109 1881 Verum
1144 1834 1272 1881 idem
1303 1834 1522 1892 Talebot,
1546 1836 1629 1900 qui
1654 1835 1850 1884 audacia
1873 1846 1921 1885 et

502 1913 768 1960 inconsulta
796 1912 1083 1973 temeritate,
1111 1913 1270 1976 potius
1292 1929 1436 1976 quam
1460 1913 1758 1972 fortitudine,
1785 1930 1919 1980 paene

501 2007 690 2055 semper
709 1990 756 2036 in
784 1989 945 2036 hostes
967 1989 1146 2035 irruere
1176 2000 1221 2036 et
1260 1989 1461 2037 fundere
1485 2007 1569 2038 eos
1606 2001 1748 2055 atque
1770 1992 1819 2038 in
1842 1993 1915 2040 fu-

501 2082 607 2131 gam
632 2083 770 2130 agere
795 2076 1136 2127 consueverat,
1164 2068 1436 2114 existimans
1467 2068 1608 2114 etiam
1634 2077 1749 2115 tunc
1773 2071 1917 2116 Fran-

499 2162 608 2205 cos,
636 2146 706 2191 sui
731 2144 941 2191 nominis
964 2145 1212 2206 praesentia
1237 2145 1489 2190 deterritos
1506 2178 1517 2198 ,
1546 2145 1703 2209 potius
1725 2145 1786 2192 de
1809 2146 1918 2210 suga

500 2239 646 2287 quam
669 2222 728 2268 de
751 2221 1029 2268 defensione
1057 2221 1283 2284 cogitare,
1318 2221 1473 2267 eidem
1496 2224 1530 2266 T
1533 2220 1687 2268 homae
1713 2221 1919 2288 impera·-

503 2302 567 2346 vit
599 2299 732 2363 quod
756 2299 911 2362 signa,
939 2315 1043 2363 quae
1067 2297 1268 2356 ferebat,
1296 2298 1356 2344 ad
1383 2297 1559 2345 vallum
1590 2315 1739 2363 usque
1770 2300 1918 2348 hosti-

499 2377 616 2424 lium
645 2386 910 2424 castrorum
938 2376 1245 2440 importaret,
1283 2375 1439 2422 eidem
1475 2376 1807 2442 improperans
1833 2394 1920 2426 cur

501 2463 627 2515 tum,
654 2463 822 2519 praeter
852 2453 1044 2499 solitum
1067 2489 1079 2511 ,
1103 2452 1406 2499 meticulosus
1431 2462 1575 2517 atque
1597 2454 1798 2518 pavidus
1819 2471 1931 2504 esse-

502 2531 757 2578 videretur.
788 2533 1024 2594 Praecepto
1048 2539 1207 2575 autem
1224 2528 1358 2575 ducis
1378 2546 1476 2576 non
1495 2531 1702 2594 segniter
1716 2547 1888 2597 parens
1901 2559 1931 2595 ,=

500 2608 635 2673 quod
658 2609 943 2673 imperatur,
985 2607 1088 2653 sine
1118 2623 1253 2653 mora
1296 2617 1364 2654 est
1396 2618 1667 2669 exsecutus3
1704 2609 1836 2674 quod
1872 2619 1919 2657 et

499 2688 653 2735 caeteri
678 2687 848 2734 milites
871 2702 969 2733 non
991 2685 1280 2732 dissimiliter
1306 2686 1532 2734 fecerunt.
1563 2687 1813 2735 Venientes
1834 2688 1920 2752 igi-

502 2777 577 2813 tur
590 2765 652 2813 ad
670 2765 829 2829 ipsum
843 2763 1038 2821 vallum,
1059 2764 1105 2809 in
1127 2763 1261 2828 palos
1277 2772 1323 2811 et
1342 2774 1608 2812 castrorum
1622 2766 1918 2813 munimenta

501 2844 732 2908 impetum
766 2842 1010 2902 facientes,
1043 2840 1345 2888 enitebantur
1376 2859 1458 2889 eos
1492 2843 1724 2891 transilire
1758 2852 1805 2890 et
1832 2858 1932 2891 <to-³
