2086 3528
716 315 864 369 LIBER
889 314 1132 362 QUARTUS.
1556 315 1633 355 239

209 398 417 464 spatium
442 398 630 446 circiter
654 398 795 445 unius
818 399 1017 459 mensis,
1043 399 1304 459 civitatem,
1326 408 1373 446 et
1395 399 1477 464 qui
1501 399 1549 447 in
1576 416 1632 447 ea

210 486 342 526 erant
355 513 369 537 ,
394 476 457 524 ad
480 476 777 525 deditionem
795 477 989 542 coegit¹.

667 676 876 722 CAPITU
884 676 1010 723 LUM
1043 677 1187 723 XXV.

432 802 585 840 Obsidio
602 803 753 840 Cadomi
764 813 798 840 et
813 804 924 853 ipsius
937 803 1072 841 deditio
1086 805 1309 840 Francorum
1323 805 1412 854 regi.

274 932 384 989 Qua
421 929 676 978 obsidione
709 929 950 996 perfecta,
987 930 1156 978 nolens
1189 946 1272 977 rex
1317 940 1509 997 torpere
1554 944 1637 982 aut

209 1009 360 1076 quieti
373 1025 424 1057 se
438 1008 579 1071 dare,
603 1008 761 1056 donec
777 999 954 1073 Anglos
973 1009 1164 1074 penitus
1176 1010 1472 1058 Normannia
1485 1027 1636 1077 expu-
1655 997 1660 1002 ὁ

208 1087 338 1136 lisset
365 1095 414 1135 et
434 1096 635 1152 caeptam
655 1085 903 1133 victoriam
928 1085 1216 1151 feliciterque
1246 1097 1548 1152 prosecutam
1575 1088 1637 1136 ad

209 1165 623 1232 complementum
633 1181 785 1229 usque
795 1173 842 1212 et
851 1165 1321 1212 consummationem
1334 1166 1636 1230 perduceret,

208 1243 271 1292 ad
295 1242 621 1291 obsidendum
646 1242 939 1306 Cadomum,
965 1252 1075 1309 post
1093 1242 1264 1291 urbem
1288 1243 1640 1310 Rothomagen·

208 1338 311 1370 sem
344 1321 493 1369 totius
527 1321 833 1369 Normanniae
864 1321 1176 1387 insigniorem
1200 1321 1394 1383 locum,
1421 1323 1639 1372 animum

207 1399 460 1448 convertit.
490 1400 662 1450 Accitis
694 1399 855 1465 itaque
889 1399 950 1448 de
984 1409 1088 1447 toto
1120 1416 1268 1464 regno
1301 1409 1400 1448 tam
1423 1402 1638 1467 equitum

207 1495 356 1544 quam
377 1478 597 1545 peditum
620 1478 901 1527 militaribus
920 1479 1098 1544 copiis,
1125 1478 1363 1544 oppidum
1382 1480 1558 1545 ipsum,
1587 1482 1637 1529 in

206 1574 306 1624 quo
344 1567 447 1606 erat
476 1557 574 1606 dux
607 1559 939 1621 Summerseti,
977 1575 1090 1606 cum
1123 1557 1341 1624 pluribus
1372 1559 1639 1624 Anglicanae

207 1637 385 1685 militiae
417 1636 620 1685 ducibus
655 1646 703 1685 et
738 1637 898 1703 Anglis
935 1654 1079 1703 supra
1116 1637 1206 1685 tria
1251 1636 1431 1700 millia,
1469 1648 1639 1704 praeter

206 1715 389 1765 incolas
423 1726 471 1765 et
499 1718 626 1764 cives
660 1715 779 1777 loci,
819 1715 1072 1764 obsidione
1105 1715 1275 1780 grandi
1308 1717 1455 1764 cinxit
1483 1728 1531 1765 et
1555 1735 1638 1767 va·

206 1793 319 1842 lida.
357 1795 465 1843 Fuit
489 1795 538 1842 in
576 1811 632 1842 ea
664 1793 917 1842 obsidione
952 1811 1034 1842 rex
1069 1795 1170 1859 ipse
1200 1794 1401 1842 Carolus
1430 1812 1639 1860 praesens

206 1889 319 1922 cum
343 1875 549 1934 Renato,
585 1889 694 1937 rege
718 1872 910 1934 Siciliae,
946 1882 994 1920 et
1029 1872 1249 1938 pluribus
1277 1872 1380 1921 aliis
1407 1874 1639 1940 principi-

206 1949 299 1999 bus
327 1952 569 2015 sanguinis
597 1951 692 2011 sui,
725 1950 907 2016 fuitque
931 1951 1032 2016 ipse
1060 1950 1330 2016 hospitatus
1363 1952 1414 1998 in
1447 1968 1640 2001 monas-

206 2029 327 2078 terio
356 2029 686 2093 religiosarum
709 2030 893 2076 Sanctae
916 2027 1179 2088 Trinitatis,
1207 2028 1468 2094 aliquando
1494 2030 1638 2077 etiam

206 2106 255 2154 in
280 2107 572 2155 monasterio
596 2106 657 2154 de
690 2105 956 2153 Ardenna².
986 2108 1039 2151 ln
1060 2104 1218 2170 burgo
1242 2115 1402 2154 autem
1427 2106 1488 2154 de
1512 2110 1638 2155 Vau-

206 2184 361 2233 cellis⁸
393 2196 547 2233 castra
580 2193 809 2251 posuerat
842 2193 952 2231 ante
986 2183 1110 2247 regis
1144 2183 1406 2231 adventum
1443 2183 1637 2232 illustris

146 2278 149 2281 ·
207 2278 369 2311 comes
404 2263 667 2325 Dunensis;
716 2262 800 2328 qui
836 2261 1007 2322 etiam,
1055 2272 1326 2327 expugnata
1365 2262 1637 2310 munitione

207 2341 444 2406 quadam,
482 2358 630 2407 quam
664 2351 775 2388 ante
817 2350 1032 2406 portam,
1073 2357 1181 2406 quae
1216 2340 1364 2388 Mileti
1402 2340 1632 2401 dicitur-⁴,

207 2420 347 2484 Angli
373 2428 722 2478 exstruxerant,
751 2419 906 2486 ipsam
938 2419 986 2466 vi
1020 2429 1288 2485 receptam,
1324 2419 1493 2484 fugatis
1522 2418 1636 2466 inde

207 2495 451 2559 hostibus,
489 2497 715 2546 incendio
749 2497 979 2545 cremavit
1009 2497 1058 2544 in
1091 2496 1395 2562 favillamque
1431 2496 1564 2544 dedit
1587 2506 1635 2544 et

261 2692 301 2732 1.
334 2692 384 2731 16
404 2689 483 2730 mai
501 2691 622 2730 1450.

259 2753 299 2792 2.
329 2754 402 2790 Les
422 2744 590 2802 abbayes
610 2749 658 2788 de
674 2748 713 2787 la
728 2749 872 2789 Trinite
889 2749 938 2788 de
957 2751 1060 2801 Caen
1080 2757 1118 2787 et
1136 2746 1363 2786 d’Ardaine.

263 2815 301 2851 3.
331 2815 385 2851 Le
402 2811 595 2863 faubourg
611 2810 660 2849 de
678 2810 878 2849 Vaucelles
895 2839 904 2857 ‚
926 2823 994 2848 sur
1012 2810 1051 2847 la
1069 2817 1180 2847 route
1199 2806 1248 2845 de
1266 2805 1387 2844 Paris.

262 2875 303 2914 4.
332 2875 389 2911 La
406 2879 518 2925 porte
536 2870 672 2910 Millet.
