2086 3528
48 0 114 33 *ar*

758 305 904 342 LIBER
932 306 1150 345 TERTIUS.
1584 303 1662 341 137

242 402 368 453 tum,
396 392 479 457 qui
513 390 576 438 ad
600 400 750 438 terras
785 388 921 437 ducis
946 389 1201 451 Borbonii,
1237 388 1384 436 totius
1416 387 1664 436 sedit10nis

240 471 516 539 principalis
560 469 797 529 auctoris,
840 469 1145 534 confugerat,
1189 468 1431 516 insecutus
1468 478 1554 514 est.
1592 464 1664 512 lbi

243 551 373 600 enim
395 551 654 600 exercitum
677 550 778 615 ipse
808 550 1078 597 Ludovicus
1104 549 1332 614 colligens
1361 565 1507 614 quem
1532 556 1665 613 pote-

242 639 343 691 rat,
370 639 417 678 et
439 629 784 694 conjurationis
815 628 972 675 socios
1004 637 1281 693 exspectans
1299 663 1311 687 ,
1350 626 1464 673 belli
1501 624 1667 673 sedem

243 718 486 757 statuerat.
525 707 618 755 Sed
658 707 951 773 praeveniens
978 724 1086 767 rex,
1114 715 1160 753 et
1183 722 1356 754 cavens
1379 721 1441 751 ne
1477 703 1667 767 longius

243 797 520 852 evagaretur
542 786 780 837 initiatum
802 785 1103 844 incendium,
1134 801 1246 831 eum
1269 783 1465 830 viriliter
1486 791 1534 830 et
1555 798 1669 829 cum

245 875 418 928 magna
443 863 743 912 festinatione
767 873 837 911 est
861 873 1160 928 prosecutus.
1190 861 1336 925 Cujus
1359 876 1669 925 congressum

245 942 450 990 militum
485 951 757 1008 exspectare
781 957 893 988 cum
924 957 1080 1005 neque
1114 940 1215 1005 ipse
1246 955 1406 1003 neque
1435 937 1671 1001 conjurati

245 1039 408 1071 secum
445 1022 706 1084 auderent,
748 1021 810 1069 de
842 1020 1025 1087 oppido
1048 1021 1098 1067 in
1128 1019 1364 1086 oppidum
1399 1028 1446 1066 et
1477 1017 1672 1065 castello

245 1101 295 1157 in
333 1099 582 1149 castellum
626 1101 812 1163 fugatus
847 1109 942 1160 est3
982 1115 1192 1164 quorum
1222 1097 1440 1163 plurimis
1471 1097 1521 1143 in
1551 1096 1675 1159 regis

245 1194 534 1250 potestatem
568 1183 800 1245 redactis,
827 1182 1044 1248 plurimis
1065 1182 1114 1229 in
1147 1182 1358 1247 praedam
1383 1181 1529 1241 datis,
1565 1179 1676 1227 satis

246 1262 385 1311 brevi
422 1273 640 1329 tempore
677 1263 727 1310 in
762 1261 1040 1309 necessitate
1073 1260 1347 1327 paciscendi
1382 1258 1678 1326 parendique

249 1361 337 1392 suo
358 1344 562 1410 genitori
579 1343 819 1392 adductus
835 1353 923 1390 est.
944 1346 1307 1390 Intervenerunt
1322 1343 1451 1389 enim
1469 1357 1525 1387 ex
1545 1339 1678 1406 prin-

251 1418 438 1485 cipibus
461 1429 507 1467 et
530 1418 811 1486 proceribus
834 1418 992 1483 regni,
1027 1417 1128 1482 qui,
1155 1427 1324 1483 pacata
1349 1416 1679 1480 indignatione

252 1498 400 1561 regis,
431 1515 541 1546 eum
567 1498 629 1545 ad
662 1497 1010 1561 indulgendum
1035 1495 1540 1562 [per]donandumque
1573 1509 1679 1540 om-

253 1593 366 1624 nem
401 1576 737 1641 hujuscemodi
763 1576 986 1640 injuriam
1010 1585 1108 1622 tam
1136 1575 1238 1643 filio
1257 1591 1403 1639 quam
1430 1573 1543 1621 duci
1566 1576 1684 1619 Bor-

254 1653 391 1702 bonii
412 1665 459 1702 et
490 1655 669 1703 caeteris
696 1654 1044 1718 conjurationis
1073 1654 1231 1715 sociis,
1258 1653 1474 1701 animum
1499 1646 1684 1714 regium

258 1731 561 1781 inflexerunt.
612 1732 719 1779 Fuit
765 1732 866 1797 ipse
912 1730 1186 1779 Ludovicus
1217 1730 1279 1778 ad
1311 1740 1560 1795 paternam
1592 1727 1683 1774 do-

258 1823 394 1854 mum
438 1806 859 1871 obedientiamque
906 1822 995 1871 pro
1027 1805 1105 1853 illa
1135 1806 1236 1854 vice
1270 1806 1514 1853 restitutus
1541 1813 1685 1867 atque

259 1885 523 1944 redactus¹.
560 1888 561 1892 ’
1231 1944 1233 1946 v

330 1963 439 2027 Ejus
472 1964 631 2028 itaque
655 1961 768 2011 talia
790 1979 951 2010 rerum
975 1979 1003 2010 a
1026 1979 1077 2010 se
1098 1963 1147 2011 ἱ.)
1181 1972 1430 2029 posterum
1455 1960 1687 2026 gerenda-

261 2056 371 2089 rum
390 2041 524 2088 initia
547 2041 768 2102 fuerunt,
797 2040 1004 2105 taliaque
1023 2040 1084 2088 de
1104 2057 1153 2088 se
1176 2040 1380 2106 praebuit
1403 2041 1506 2105 ipse
1529 2038 1690 2086 Ludo-

263 2120 396 2168 vicus
436 2120 676 2186 auspicia,
722 2120 838 2167 satis·
866 2119 1066 2184 quidem
1105 2119 1172 2166 eis
1209 2134 1426 2174 consona
1460 2135 1567 2183 quae
1604 2133 1690 2183 per

266 2215 377 2246 eum
399 2196 714 2265 postmodum
739 2197 882 2246 fuisse
904 2208 1059 2261 gesta,
1085 2197 1125 2244 si
1144 2200 1273 2245 Deus
1292 2196 1574 2257 donaverit,
1594 2196 1691 2243 suis

265 2276 382 2325 locis
402 2277 678 2325 referemus.

325 2416 363 2451 1.
393 2415 494 2452 Tous
512 2426 575 2453 ces
587 2412 835 2452 evenements
853 2421 941 2452 sont
952 2412 1001 2452 de
1021 2412 1172 2452 l'annee
1197 2415 1317 2462 1440,
1333 2421 1370 2452 et
1387 2412 1601 2451 anterieurs
1616 2424 1693 2450 aux

274 2473 476 2513 tentatives
494 2473 604 2512 faites
621 2487 722 2526 pour
735 2486 945 2512 conserver
966 2473 1161 2519 Harsseur,
1182 2485 1258 2525 que
1279 2472 1447 2511 l’auteur
1467 2485 1490 2510 a
1509 2469 1694 2522 exposees

274 2534 378 2586 dans·
391 2532 428 2571 le
450 2533 622 2586 chapitre
643 2534 863 2586 precedent.
