2086 3528
478 362 555 399 230
858 355 1202 396 HISTORIARUM
1228 356 1410 395 CAROLI
1436 357 1508 394 VII

481 446 680 508 Propter
713 441 847 505 quod
877 440 1100 501 finaliter,
1131 450 1292 505 spreta
1320 457 1491 488 eorum
1513 440 1766 504 rogatione
1795 450 1902 490 tan·

480 537 624 585 quam
648 519 820 582 injusta
833 554 845 578 ,
871 535 970 566 non
992 517 1224 566 arbitratu
1245 535 1359 581 suo,
1383 517 1467 566 sed
1487 535 1576 584 pro
1594 519 1724 584 regia
1742 520 1904 586 potius

479 598 725 645 voluntate
739 633 753 655 ,
780 596 990 644 abeundi
1014 613 1127 644 cum
1147 596 1290 644 bonis
1312 614 1371 644 ex
1397 597 1511 662 ipsis
1534 596 1725 645 arcibus
1753 597 1917 664 facul-4

482 687 627 724 tatem
661 684 982 739 acceperunt3
1012 691 1118 739 quae
1157 674 1223 722 ita
1246 684 1406 721 tamen
1437 674 1504 721 eis
1531 675 1762 739 permissa
1785 675 1903 737 fuit,

480 753 640 819 quod,
679 753 804 799 intra
840 763 1025 800 certum
1061 762 1109 800 et
1145 751 1432 818 praefinitum
1466 751 1623 812 diem,
1662 762 1906 802 certorum

480 840 746 879 castrorum
785 840 928 895 atque
971 830 1269 896 oppidorum
1305 830 1657 895 possessionem
1693 830 1743 878 in
1783 831 1909 896 regis

481 912 776 957 Francorum
808 926 981 957 manus
1014 909 1091 956 vel
1123 925 1324 956 suorum
1359 907 1626 970 traderent,
1653 918 1702 956 et
1731 925 1788 957 ea
1818 909 1909 958 sibi

482 986 801 1035 redderentur
829 1005 839 1034 :
866 987 992 1034 inter
1021 1003 1127 1051 quae
1150 995 1252 1033 erat
1274 995 1483 1032 castrum
1505 985 1565 1032 de
1587 986 1902 1034 Honneflutu.

483 1066 591 1113 Dati
629 1075 742 1113 sunt
775 1075 965 1126 autem,
1003 1081 1093 1130 pro
1129 1063 1329 1128 hujusce
1356 1063 1704 1129 promissorum
1734 1064 1906 1130 imple-

486 1153 675 1201 mento,
701 1144 751 1190 in
786 1143 979 1191 obsides
1013 1143 1240 1190 dominus
1263 1141 1323 1189 de
1354 1140 1571 1200 Taleb0t‚
1599 1158 1762 1190 comes
1783 1141 1906 1191 Che-

484 1223 816 1281 rosberiensis,
837 1222 1063 1269 dominus
1082 1222 1341 1268 Βοωηοηῑ1
1364 1237 1475 1267 cum
1494 1219 1785 1284 quibusdam
1805 1220 1908 1270 aliis

486 1300 731 1348 nobilibus
751 1300 951 1364 Angliae3
977 1301 1084 1365 qui,
1104 1300 1214 1346 licet
1229 1307 1397 1346 caetera
1414 1297 1674 1363 adimpleta
1692 1297 1907 1359 fuissent,

486 1380 601 1445 quia
629 1389 789 1426 tamen
825 1379 857 1425 ii
883 1379 966 1443 qui
988 1379 1035 1425 in
1066 1376 1359 1425 Honneflutu
1382 1393 1472 1441 pro
1497 1375 1718 1423 custodia
1746 1385 1907 1438 erant,

489 1457 786 1505 deditionem
813 1457 1012 1504 minime
1035 1456 1187 1503 facere
1207 1454 1489 1515 voluerunt,
1511 1470 1680 1502 omnes
1695 1491 1709 1516 ‚
1728 1453 1794 1502 ob
1811 1442 1914 1502 non

489 1534 707 1601 impletas
747 1534 808 1582 ad
847 1534 1110 1599 perfectum
1143 1533 1487 1600 promissiones
1505 1570 1517 1593 ‚
1555 1533 1606 1580 in
1644 1533 1916 1599 captivitate

491 1614 686 1661 fuerunt
708 1614 894 1660 retenti.

558 1693 628 1738 Eo
652 1690 809 1755 igitur,
833 1706 930 1754 quo
951 1689 1256 1756 praediximus
1277 1689 1452 1752 modo,
1474 1688 1591 1737 urbs
1609 1689 1808 1755 insignis
1831 1691 1920 1738 Ro-

491 1770 801 1835 thomagum,
838 1770 984 1817 totius
1015 1769 1320 1818 Normanniae
1353 1768 1633 1834 metropolis
1666 1778 1715 1817 et
1745 1777 1920 1835 caput,

492 1866 551 1898 ex
574 1848 839 1914 Anglorum
862 1847 1071 1911 ditione,
1098 1848 1182 1913 qui
1205 1864 1312 1896 eam
1334 1848 1521 1895 circiter
1548 1864 1637 1913 per
1659 1863 1813 1895 annos
1832 1846 1921 1894 tri-

492 1929 623 1994 ginta
660 1937 754 1975 tres
785 1936 1059 1985 tenuerant,
1090 1927 1152 1975 ad
1184 1927 1307 1991 regis
1336 1929 1631 1974 Francorum
1664 1925 1920 1992 imperium

492 2022 682 2054 reversa
704 2015 774 2053 est
796 2043 808 2067 ‚
832 2006 1010 2054 civium
1033 2004 1204 2071 procul
1232 2003 1385 2052 dubio
1416 2004 1576 2070 potius
1603 2002 1850 2051 voluntate
1873 2011 1922 2051 et

494 2087 700 2135 factione
713 2124 724 2145 ‚
744 2103 890 2151 quam
906 2086 1085 2134 viribus
1103 2096 1248 2150 atque
1263 2084 1480 2150 potentia
1497 2099 1745 2132 armorum
1757 2120 1770 2146 ,
1789 2099 1920 2131 anno

494 2165 679 2213 domini
706 2182 1020 2226 mccccxmx„
1047 2164 1186 2212 tertia
1212 2172 1294 2210 aut
1324 2171 1494 2228 quarta
1522 2160 1601 2210 die
1622 2171 1733 2210 ante
1756 2159 1920 2210 kalen-

495 2244 580 2292 das
602 2242 917 2290 novembris'.

562 2321 690 2368 Licet
709 2330 869 2367 autem
895 2319 1077 2367 civibus
1100 2335 1188 2385 per
1210 2334 1370 2383 regern
1395 2333 1604 2382 suosque
1626 2316 1794 2365 suisset
1815 2314 1924 2383 pol-

494 2399 679 2446 licitum
709 2398 844 2463 quod
869 2415 969 2446 non
996 2398 1386 2464 permitterentur
1409 2395 1592 2459 Anglici
1617 2394 1773 2458 abire,
1800 2411 1925 2461 quos

496 2478 622 2526 intra
645 2493 778 2525 arces
799 2477 944 2524 veluti
968 2476 1183 2542 captivos
1214 2474 1576 2537 concluserant,
1605 2474 1696 2522 nisi
1718 2472 1926 2523 satisfac-

550 2636 587 2673 1.
621 2635 643 2672 J
646 2645 718 2672 ean
730 2630 906 2672 Chartier
925 2631 980 2670 dit
996 2646 1005 2669 ε
1037 2649 1053 2665 «
1068 2633 1123 2670 Le
1142 2630 1200 2670 fils
1218 2630 1271 2670 du
1291 2638 1417 2669 comte
1432 2627 1869 2680 d’Osmont,-d’1rlande
1884 2644 1923 2670 υ.

500 2697 605 2733 Dans
628 2693 842 2743 Godesroy,
864 2706 903 2744 p.
929 2694 1022 2732 179.

550 2757 589 2793 2.
621 2757 692 2792 Les
708 2753 864 2805 Anglais
884 2766 924 2790 se
945 2752 1150 2790 retiret-ent
1164 2750 1200 2789 le
1220 2754 1242 2789 4
1261 2749 1496 2797 novembre;
1512 2749 1549 2789 le
1566 2748 1626 2788 roi
1643 2749 1684 2788 fit
1703 2761 1772 2787 son
1791 2746 1924 2787 eutree

496 2813 591 2852 dans
610 2814 647 2852 la
665 2812 758 2852 ville
780 2813 814 2850 le
831 2814 880 2851 10
901 2811 952 2850 du
975 2813 1099 2850 meme
1121 2810 1216 2849 mois
1229 2840 1239 2859 ,
1261 2811 1374 2863 apres
1392 2823 1472 2861 *que
1491 2807 1637 2847 l'ordre
1655 2815 1722 2847 eut
1740 2805 1800 2846 ete
1819 2818 1924 2846 com-

496 2874 705 2925 pletement
723 2871 874 2912 retabli.
