2086 3528
660 343 665 349 Α
728 346 875 390 LIBER
889 347 1146 399 QUARTUS.
1575 352 1594 390 1
1602 352 1647 392 91

238 442 351 488 fflt
381 432 512 486 enim
532 435 708 485 multis
749 433 1059 500 popularium
1092 441 1267 482 exosus
1304 446 1363 482 ex
1388 425 1454 483 'ea
1479 446 1622 489 ‘causa
1637 473 1649 494 ,

236 515 371 583 qnod
388 515 664 582 protreugis
676 524 789 561 cum
797 513 988 560 Francis
1003 512 1228 560 ineundis
1244 513 1654 579 prorogandi‘qu

192 654 195 659 Ι
235 592 478 640 multoties
501 591 784 650 laborasset,
818 598 865 637 et
895 604 1017 654 saepe
1045 599 1302 655 propterea
1333 590 1383 637 in
1405 592 1652 639 Franciam

234 670 509 735 trajecisset.

299 747 513 796 Aliorum
549 756 711 794 autem
743 743 1017 810 principum
1050 743 1226 807 Angliae
1260 741 1437 805 caedes,
1473 760 1579 808 quae
1601 745 1652 793 in

233 823 461 881 civilibus
481 824 578 871 suis
614 819 991 870 dissensionibus
1023 819 1166 867 factae>
1189 820 1397 881 fuerunt,
1432 831 1597 886 postea
1624 839 1653 871 a

233 903 374 952 nobis
395 918 483 951 suo
510 902 679 950 ordine
703 911 845 964 atque
874 899 984 946 loco
1010 899 1402 963 perstringentur.
1439 902 1552 947 Post
1576 900 1654 948 de-

233 981 466 1030 ditionem
494 990 653 1028 autem
669 1015 682 1037 ,
710 994 810 1025 non
841 985 1011 1042 sponte
1028 1011 1040 1035 ‚
1067 975 1151 1023 sed
1178 986 1345 1023 coacte
1366 976 1428 1024 ab
1450 977 1654 1041 Anglicis

231 1059 401 1107 factam
425 1061 854 1106 cenomannorum
871 1053 1091 1113 civitatis,
1117 1053 1165 1100 in
1183 1052 1301 1113 dies,
1327 1055 1548 1118 quamvis
1567 1055 1651 1102 ad-

231 1127 326 1198 huc
341 1144 515 1198 treugae
534 1149 619 1198 per
637 1131 816 1178 multos
832 1146 1018 1178 menses
1035 1129 1333 1195 desponsatae
1351 1142 1508 1180 essent
1527 1132 1651 1180 ultro

229 1211 447 1276 citroque
469 1211 725 1271 duraturae,
751 1206 1084 1256 increscebant
1097 1216 1260 1256 tamen
1278 1207 1409 1269 odia,
1439 1219 1487 1257 et
1502 1211 1653 1276 parti-

229 1288 608 1346 cularesdietim
639 1286 791 1335 caedes
822 1287 871 1334 in
889 1285 1152 1334 ⁴limitaneis
1177 1285 1356 1335 finibus
1380 1298 1476 1335 tam
1505 1291 1651 1337 Fran-

230 1379 400 1414 corum
422 1381 568 1430 quam
591 1365 877 1429 Anglorum‚
903 1379 1010 1428 quae
1030 1362 1105 1410 vel
1124 1363 1371 1425 insidiose,
1401 1366 1477 1412 vel
1507 1367 1651 1414 etiam

195 1478 201 1491 x
228 1444 278 1492 in
298 1444 462 1511 patulo
481 1443 810 1510 patrabantur.

706 1640 1051 1687 CAPITULUM
1085 1640 1166 1685 XI.

325 1774 519 1821 Quomodo
537 1773 611 1810 dux
627 1773 854 1810 Summerseti
868 1783 1045 1809 assecutus
1060 1783 1111 1809 est
1125 1774 1282 1822 regimen
1299 1775 1542 1811 Normanniae.

290 1899 498 1944 Venerat
521 1904 682 1943 autem
703 1893 801 1940 dux
831 1894 1171 1941 Summerseti¹
1198 1895 1247 1942 in
1274 1897 1646 1958 Normanniam‚

225 1975 397 2023 missus
419 1990 476 2021 ex
499 1972 664 2037 Anglia
683 1971 745 2019 ad
768 1970 1027 2034 regendam
1049 1971 1376 2036 provinciam3
1404 1990 1493 2038 pro
1517 1974 1651 2038 cujus

225 2053 434 2118 regentia
455 2051 537 2099 diu
559 2050 860 2114 multumque
882 2049 1006 2095 inter
1028 2065 1139 2096 eum
1165 2059 1212 2096 et
1242 2049 1415 2099 ducem
1446 2050 1651 2100 Eboraci

226 2130 377 2179 suerat
398 2139 540 2178 antea
559 2137 904 2176 concertatum.
928 2125 1145 2174 Habebat
1162 2128 1363 2192 quisque
1382 2129 1431 2176 in
1449 2129 1650 2177 consilio

224 2207 624 2273 regisAnglorum
639 2204 947 2271 quamplures
958 2221 1153 2253 suarum
1169 2206 1376 2271 partium
1391 2207 1646 2270 studiosos,

226 2295 274 2335 et
302 2285 609 2334 vehementer
635 2294 837 2349 uterque
859 2300 1028 2332 eorum
1060 2283 1122 2331 ad
1155 2281 1510 2349 assequendum
1534 2303 1651 2352 pro-

222 2364 391 2435 yinciae
403 2364 614 2427 regimen
627 2361 916 2428 adspirabat.
933 2361 1072 2409 Unde
1089 2362 1246 2411 evenit
1268 2372 1318 2410 ut
1335 2379 1423 2428 per
1444 2363 1649 2412 fautores

226 2551 251 2590 9
271 2548 474 2588 decembre
491 2548 595 2587 1449
606 2579 617 2598 ‚
637 2547 704 2599 qui
726 2555 783 2586 est
799 2560 877 2586 une
893 2546 1072 2599 dispense
1091 2547 1140 2586 de
1156 2555 1240 2586 tout
1255 2547 1403 2587 service
1421 2547 1648 2601 obligatoire

224 2607 409 2648 accon-dee
429 2609 450 2645 a
470 2607 646 2658 l’eveque
666 2609 688 2646 a
705 2621 819 2647 cause
838 2608 887 2646 de
906 2621 976 2646 son
995 2607 1118 2660 grand
1138 2610 1232 2661 age3
1264 2608 1402 2647 l’autre
1425 2608 1479 2647 du
1500 2611 1550 2647 30
1572 2608 1648 2647 mai

226 2670 330 2707 1450
344 2696 355 2715 ,
394 2669 446 2705 οὺ
485 2666 673 2719 Reginald
685 2695 696 2714 ‚
730 2667 879 2718 ovoque
917 2666 1111 2719 d'Aspaw,
1142 2675 1200 2706 est
1235 2667 1459 2711 mentionne
1496 2681 1647 2707 comme

227 2725 411 2766 transfere
432 2725 567 2778 depuis
591 2738 666 2777 peu
685 2727 707 2763 a
728 2725 902 2764 reve-che
921 2726 969 2765 de
988 2727 1223 2767 Chichester.
1257 2730 1411 2767 Notices
1430 2736 1468 2766 et
1484 2729 1647 2765 extr-aits

226 2789 292 2825 des
310 2789 533 2824 manuscrits
546 2816 556 2834 ,
582 2793 608 2823 t.
631 2788 650 2822 Ι
664 2814 674 2832 ,
695 2799 735 2837 p.
755 2788 848 2824 427.

281 2849 299 2884 1
311 2875 319 2884 .
345 2843 524 2886 Edmond
544 2845 750 2894 Beaufort,
770 2844 846 2883 duc
865 2845 914 2884 de
933 2847 1138 2885 Somerset.
