2086 3528
749 323 896 362 LIBER
923 324 1141 362 TERTIUS.
1565 323 1642 361 ¹105

231 407 401 454 furoris
426 406 556 454 rabie
579 407 835 454 irruerunt.
865 407 959 465 Qui
991 424 1102 454 cum
1126 406 1188 454 ad
1209 405 1344 453 illum
1367 421 1534 453 eorum
1569 406 1642 453 in-

222 493 468 549 speratum
485 493 626 548 atque
646 484 1094 549 impraemeditatum
1112 501 1364 532 occursum
1386 483 1642 531 vehemen-

229 573 300 610 ter
321 563 526 610 exterriti
547 573 726 622 essent,
748 580 837 610 nec
861 563 1001 611 aliam
1026 563 1356 611 defensionem
1378 562 1469 609 nisi
1491 560 1643 609 solam

230 641 388 705 fugam
415 651 741 707 opponerent,
779 643 908 689 velut
930 658 1103 707 pecora
1129 641 1382 689 occisionis
1402 640 1642 687 immanis-

228 717 346 764 sime
370 718 474 764 caesi
489 727 536 765 et
557 717 750 766 lacerati
772 730 898 766 sunt.
922 719 1044 766 Villa
1062 719 1110 765 in
1131 718 1264 781 cujus
1281 718 1403 781 agris
1422 734 1478 764 ea
1494 716 1645 765 caedes

227 795 435 843 nefanda
457 805 640 861 patrata
676 796 764 843 fuit
779 833 790 855 ‚
816 797 960 861 vulgo
994 796 1259 862 appellatur
1285 799 1331 844 V
1329 795 1486 860 ι’ᾳιιεε1
1509 812 1519 840 :
1544 811 1643 858 quo

227 872 343 920 loco
368 873 470 920 caesi
503 884 612 920 sunt
648 890 872 937 agrorum
901 874 1105 921 cultores
1135 889 1277 938 supra
1311 871 1439 919 mille
1474 882 1521 919 et
1552 880 1644 918 tre-

228 951 370 998 centi.
528 950 534 956 ’

293 1032 410 1087 Quae
431 1039 608 1094 strages
630 1040 677 1077 et
700 1047 868 1078 omnes
891 1040 1025 1078 terrae
1051 1029 1233 1077 incolas
1261 1045 1436 1093 magno
1468 1043 1646 1093 pavore

229 1108 415 1165 affecit,
442 1118 514 1169 et,
546 1118 595 1155 ut
625 1126 725 1156 non
750 1118 927 1156 temere
957 1119 1040 1156 aut
1061 1108 1229 1155 leviter
1262 1124 1312 1154 se
1335 1124 1424 1172 pro
1448 1105 1646 1170 quibus-

229 1202 324 1250 que
346 1186 532 1250 injuriis
554 1185 708 1233 ultum
730 1196 1007 1251 pergerent,
1039 1185 1274 1233 cautiores
1303 1184 1443 1232 reddi
1472 1183 1641 1246 coegit.

229 1265 349 1311 Cum
371 1273 530 1312 autem
553 1274 651 1311 tam
674 1264 917 1312 horrenda
939 1263 1080 1311 caedis
1103 1263 1295 1328 querela
1318 1263 1463 1310 totius
1486 1261 1648 1326 patriae

230 1341 464 1388 clamores
488 1340 549 1388 ad
572 1328 855 1388 Bethfordiae
871 1340 1043 1387 ducem
1067 1340 1415 1405 pervenissent,
1439 1339 1523 1402 qui
1546 1347 1648 1384 tum

229 1417 387 1465 adhuc
403 1419 452 1464 in
465 1418 687 1466 humanis
703 1417 896 1481 agebat,
914 1417 1118 1482 querelis
1137 1418 1355 1464 omnium
1379 1415 1648 1481 provincia-

228 1494 348 1541 lium
387 1494 530 1541 simul
562 1505 609 1542 et
654 1494 763 1542 facti
799 1495 1046 1542 atrocitate
1086 1503 1331 1559 permotus
1346 1531 1360 1551 ,
1402 1493 1648 1558 praefatum

233 1576 279 1621 V
277 1571 464 1619 enables
483 1589 595 1619 cum
615 1571 708 1619 alio
728 1572 940 1636 quodam
957 1572 1211 1619 saevissimo
1231 1572 1430 1618 homine
1444 1608 1456 1632 ‚
1476 1586 1651 1634 cogno-

229 1666 394 1704 mento
412 1660 456 1704 V
456 1656 685 1704 uaterlzoa
697 1659 732 1714 ²,
754 1656 861 1720 capi
879 1665 923 1702 et
939 1654 1001 1702 ad
1019 1672 1069 1702 se
1090 1654 1444 1717 Rotbomagum
1462 1654 1650 1700 vinctos

230 1734 404 1782 adduci
424 1735 590 1799 jussit,
622 1735 708 1782 ubi
743 1751 851 1795 eos,
881 1751 970 1800 pro
997 1751 1084 1781 suo
1116 1734 1451 1781 cruentissimo
1475 1732 1650 1780 scelere

231 1811 508 1873 damnatos,
551 1829 634 1878 per
667 1812 846 1877 plateas
881 1811 1083 1859 civitatis
1114 1811 1175 1858 ad
1201 1810 1377 1858 caudas
1411 1827 1650 1875 equorum

231 1899 494 1957 pertractos
521 1889 754 1955 supplicio
788 1889 986 1936 affecit³.
1014 1888 1107 1935 Sed
1131 1905 1231 1935 non
1258 1897 1509 1953 propterea
1540 1904 1650 1952 pro-

158 1998 164 2002 ·
230 1967 504 2014 vincialium
527 1968 830 2015 Normanniae
856 1967 1026 2014 animis
1050 1965 1270 2014 satisfieri
1292 1966 1525 2013 creditum
1550 1974 1645 2023 est,

231 2060 320 2109 pro
359 2044 545 2092 sceleris
586 2043 943 2108 magnitudine3
979 2061 1068 2091 nec
1102 2053 1359 2108 propterea
1379 2043 1523 2090 etiam
1557 2059 1651 2089 ces-

232 2134 397 2171 sarunt
429 2124 565 2189 impii
591 2122 854 2187 Anglorum
875 2122 1126 2188 praedones
1151 2131 1296 2186 atque
1318 2120 1650 2169 immanissimi

233 2199 475 2248 carnifices
492 2201 541 2247 in
564 2201 692 2265 ipsos
716 2200 879 2247 saevire
908 2209 976 2262 et,
1003 2210 1057 2247 ut
1080 2199 1142 2247 ad
1165 2198 1464 2247 manifestam
1499 2213 1650 2262 usque

286 2351 325 2386 1.
349 2349 527 2401 Vicques,
549 2349 797 2400 aujourd’hui
819 2349 914 2388 dans
931 2348 1286 2388 l’arrondissement
1308 2348 1356 2387 de
1376 2348 1524 2388 Falaise
1544 2347 1650 2397 (Cal-

235 2408 384 2457 vados).

289 2471 330 2510 2.
350 2469 570 2509 Waterhoo.

292 2531 331 2566 3.
361 2545 376 2562 ιι
398 2529 508 2567 Ledit
524 2530 714 2569 Venables
734 2531 790 2569 fut
814 2531 948 2583 depuis
968 2533 1074 2583 prins
1095 2544 1165 2583 par
1183 2531 1240 2570 les
1268 2531 1429 2583 Anglois
1448 2542 1650 2568 eux-mes-

237 2602 333 2637 mes,
351 2589 516 2639 lesquelz
528 2603 627 2641 pour
641 2591 844 2630 anciennes
864 2591 1173 2630 desobeissances
1190 2592 1283 2643 qu’il
1301 2591 1405 2630 avoit
1422 2591 1567 2635 faictes‚
1584 2589 1652 2639 luy

239 2648 352 2687 firent
373 2662 490 2700 coper
512 2649 548 2687 la
577 2658 670 2688 teste
702 2666 710 2688 :
735 2665 778 2690 ce
801 2652 867 2703 qui
901 2651 1030 2690 arriva
1054 2652 1373 2704 principalement
1406 2664 1478 2702 par
1508 2662 1649 2700 envye‚

239 2721 338 2760 pour
357 2721 400 2746 ce
414 2709 531 2760 qu'ilz
549 2709 586 2747 le
607 2710 772 2763 ve'oyent
790 2721 903 2765 grant
922 2721 1199 2765 entrepreneur
1217 2726 1264 2751 en
1281 2712 1319 2750 la
1335 2710 1536 2750 conduicte
1554 2708 1602 2747 de
1614 2708 1652 2747 la

239 2780 392 2820 guerre.
420 2785 438 2802 n
463 2769 580 2816 (Jean
602 2770 786 2819 Charder,
802 2771 897 2809 dans
914 2771 1129 2822 Godefroy‚
1142 2786 1181 2823 p.
1201 2773 1284 2819 68.)
1303 2771 1355 2810 Ici
1378 2770 1414 2807 la
1432 2768 1584 2809 version
1604 2767 1652 2807 de

241 2827 355 2867 Basin
371 2837 427 2867 est
444 2829 717 2870 certainement
727 2830 955 2884 preferable.
