2086 3528
528 384 605 422 256
897 378 1241 420 HISTORIARUM
1265 380 1446 422 CAROLI
1473 383 1542 421 VH

528 470 575 508 et
590 460 963 525 inspicientibus,
987 477 1076 524 pro
1093 462 1244 525 culpis
1261 472 1307 509 et
1323 462 1666 510 offensionibus
1677 479 1796 527 quas
1810 479 1936 510 eom·

528 539 733 597 miserat,
756 538 965 585 ostensui
989 548 1125 585 esset.
1143 539 1284 596 Quod
1309 539 1464 587 eidem
1483 540 1594 587 duci
1611 540 1935 589 verecundum

530 614 665 661 valde
699 623 841 677 atque
880 614 1250 678 ignominiosum
1294 616 1432 663 fuisse
1469 616 1722 664 ferebatur.
1763 600 1902 665 I'Jnde
1919 652 1932 676 ,

529 690 636 737 licet
660 700 770 736 tunc
792 706 899 737 eam
923 691 1232 754 ignominiam
1257 692 1375 740 ferre
1394 694 1548 758 ipsum
1572 693 1823 740 necessitas
1838 691 1938 740 adi-

529 776 686 831 geret,
722 784 819 813 non
853 767 1053 814 dubium
1085 778 1240 815 tamen
1276 770 1393 833 quin
1433 770 1766 833 magnanimus
1791 769 1937 834 ipsius

528 845 712 892 animus
735 844 888 892 ultum
908 846 965 891 iri
989 845 1246 910 aliquando
1264 883 1276 907 ,
1297 847 1336 893 si
1358 847 1549 893 daretur
1572 847 1904 912 opportunitas
1920 881 1934 906 ,

526 922 794 970 intenderet
812 958 824 982 ,
851 923 1276 987 quemadmodum,
1303 924 1507 971 emensis
1532 925 1839 988 postmodum
1859 924 1938 972 ali-

527 1010 646 1070 quot
683 1000 817 1047 annis
838 1036 849 1057 ,
883 1002 1065 1046 cunctis
1092 1000 1246 1065 palam
1275 1001 1454 1060 effecit3
1496 1001 1555 1048 de
1590 1018 1688 1065 quo
1715 1018 1802 1048 suo
1826 1001 1935 1049 loco

527 1077 574 1123 in
599 1077 906 1141 sequentibus
928 1077 1105 1142 aliquid
1126 1079 1508 1143 perstringemus.

593 1155 747 1214 Unde,
773 1155 1049 1202 intermissis
1069 1173 1325 1220 parumper
1347 1155 1421 1202 his
1447 1156 1710 1219 Anglicanis
1733 1155 1936 1204 seditio-

528 1231 667 1278 nibus
690 1241 736 1278 et
760 1231 909 1278 turbis
925 1268 936 1290 ‚
962 1231 1023 1279 ad
1058 1250 1131 1280 res
1152 1236 1444 1280 Francorum
1475 1233 1836 1297 prosequendas
1860 1251 1935 1282 re-

527 1318 784 1355 vertamur.

1000 1485 1341 1530 CAPITULUM
1376 1486 1451 1530 IV.

524 1610 662 1654 Quibus
678 1608 908 1643 hortamentis
925 1618 1113 1654 quaestores
1128 1609 1214 1656 regii
1226 1610 1376 1657 aggressi
1392 1620 1473 1646 sunt
1483 1611 1712 1655 vasconiam,
1724 1620 1762 1646 ut
1777 1611 1937 1648 militiam

572 1667 674 1701 simul
690 1676 723 1701 et
739 1668 908 1701 tributum
927 1680 994 1714 pro
1013 1668 1120 1702 tutela
1138 1668 1259 1715 patriae
1275 1681 1344 1703 suae
1361 1671 1566 1714 tolerarent;
1583 1678 1617 1704 et
1637 1669 1681 1705 de
1696 1670 1854 1718 ipsorum
1872 1669 1938 1706 de-

571 1727 729 1762 fensione
744 1727 781 1761 in
800 1727 1030 1764 contrarium.

592 1852 848 1912 Postquam
873 1849 1013 1912 igitur
1031 1849 1151 1913 pulsi
1175 1849 1366 1896 fuerunt
1389 1850 1566 1914 Anglici
1588 1867 1642 1898 ex
1667 1851 1933 1915 Aquitania,

524 1935 571 1973 et
592 1926 691 1990 ipsa
711 1935 810 1972 tota
826 1926 873 1972 in
891 1926 1010 1989 regis
1025 1929 1314 1973 Francorum
1330 1927 1560 1974 ditionem
1575 1927 1762 1976 redacta
1777 1965 1789 1987 ,
1805 1944 1935 1979 auno

526 2003 718 2049 Domini
741 2019 954 2050 mccccm.
975 2040 987 2063 ,
1025 2004 1159 2050 initio
1190 2004 1386 2068 quidem
1420 2005 1531 2052 satis
1557 2005 1761 2068 benigne
1793 2016 1936 2070 atque

524 2080 795 2127 humaniter
818 2081 982 2145 populi
1010 2081 1195 2128 illarum
1229 2091 1461 2128 terrarum
1495 2083 1680 2130 tractati
1715 2082 1931 2144 fuerunt,

524 2166 586 2216 et,
609 2157 1018 2227 quemadmodum
1038 2158 1104 2205 eis
1127 2158 1407 2222 promissum
1426 2159 1680 2218 exstiterat,
1699 2175 1728 2207 a
1741 2159 1879 2210 talliis
1888 2170 1935 2208 et

523 2235 732 2282 collectis
762 2235 1033 2298 caeterisque
1067 2235 1268 2298 angariis
1293 2236 1448 2299 primo
1473 2252 1603 2283 anno
1633 2236 1900 2284 abstentum
1919 2274 1931 2295 ‚

524 2329 627 2376 quae
650 2313 696 2358 in
718 2311 820 2358 aliis
839 2312 968 2375 regni
993 2311 1205 2376 partibus
1227 2329 1418 2359 cursum
1437 2313 1537 2376 jam
1558 2330 1644 2378 per
1663 2330 1816 2361 annos
1834 2313 1936 2379 plu-

524 2390 690 2446 rimos,
713 2388 837 2453 proh
856 2386 1022 2435 dolor!
1050 2388 1315 2436 habuerant
1343 2399 1388 2436 et
1411 2390 1556 2437 callos
1574 2390 1934 2454 quodammodo

523 2466 839 2513 obduxerant.
868 2465 960 2512 Sed
985 2465 1249 2513 invidentes
1270 2477 1316 2513 et
1333 2467 1613 2531 spoliatores
1636 2477 1683 2516 et
1695 2477 1936 2516 exactores

523 2542 653 2605 regni
687 2551 826 2588 tantae
846 2558 1015 2587 eorum
1045 2541 1248 2589 felicitati
1288 2558 1343 2589 ac
1380 2542 1610 2605 libertati,
1651 2543 1819 2592 callide
1853 2559 1936 2591 eos

522 2619 583 2666 ad
606 2618 806 2666 similem
829 2618 1030 2665 aliorum
1051 2619 1322 2666 servitutem
1346 2619 1584 2668 adducere
1609 2620 1931 2681 conabantur3

523 2708 569 2745 et
608 2696 818 2743 colorem
852 2697 1173 2761 exquirentes,
1200 2697 1288 2744 sub
1320 2714 1419 2761 quo
1450 2715 1531 2745 eos
1561 2698 1857 2763 vectigalium
1890 2707 1938 2747 et

522 2773 829 2821 collectarum
853 2773 968 2837 jugo
999 2773 1230 2837 subjicere
1260 2784 1480 2839 possent,
1509 2776 1659 2824 tallias
1686 2777 1753 2824 eis
1778 2777 1935 2842 impo-

523 2867 634 2897 nere
650 2866 761 2896 cum
780 2850 919 2897 certis
941 2849 1324 2914 impositionibus
1340 2850 1656 2900 inchoarunt:
1676 2861 1935 2900 asserentes
