2086 3528
713 307 860 345 LIBER
887 306 1158 346 SECUNDUS.
1600 304 1650 341 79

230 395 350 444 rima
370 404 512 459 atque
524 393 636 459 ipsis
659 391 863 456 Anglicis
887 391 1168 439 intulerunt.
1193 392 1325 455 Saepe
1349 390 1478 437 enim
1501 405 1653 453 usque

229 472 292 520 ad
320 482 484 537 portas
516 471 678 538 pontis
703 470 991 534 Rothomagi
1013 468 1378 534 adequitabant,
1403 477 1449 516 et
1467 467 1506 515 si
1530 483 1654 532 quos

230 549 405 612 Anglos
428 549 623 596 obviam
640 547 940 608 habuissent,
954 547 1030 595 vel
1051 546 1374 607 trucidabant,
1394 546 1471 594 vel
1488 554 1654 611 captos

229 625 551 674 abducebant.

293 704 401 751 Fuit
436 713 538 751 tum
574 702 859 767 Rothomagi
886 703 1120 751 Henricus
1150 702 1367 766 juvenis,
1391 701 1655 766 Anglorum

226 795 326 842 rex,
353 780 477 828 illius
500 780 720 843 Henrici,
747 780 809 827 de
834 798 932 845 quo
969 796 1110 845 supra
1132 779 1283 826 multa
1307 780 1581 835 retulimus,
1609 787 1656 825 et

220 844 491 919 'Catharinae
509 897 520 919 ,
559 859 738 906 sororis
774 858 933 906 Caroli
966 862 1262 906 Francorum
1311 858 1456 921 regis,
1497 856 1622 904 filius
1638 893 1651 917 ,

213 930 370 1004 'quem
393 936 483 984 sibi
505 940 798 985 Francorum
821 954 1023 1001 regnum
1045 954 1100 984 ex
1124 936 1331 999 legitima
1355 936 1655 983 successione

225 1005 515 1083 asserentem
538 1025 770 1081 spectare,
799 1033 944 1080 seque
978 1018 1273 1063 Francorum
1295 1014 1656 1079 Anglorumque

225 1109 384 1158 regern
415 1094 735 1141 attitulantem
755 1132 766 1154 ,
799 1094 935 1159 Angli
958 1104 1088 1142 trans
1110 1093 1283 1141 fretum
1307 1093 1566 1141 adventare
1588 1093 1655 1141 fe-

224 1181 408 1229 cerunt,
435 1181 489 1219 ut
511 1189 567 1219 ex
587 1172 687 1235 ejus
705 1173 951 1237 praesentia
970 1171 1114 1220 rebus
1137 1172 1233 1219 suis
1257 1171 1463 1219 multum
1487 1181 1657 1218 nutan-

224 1247 353 1296 tibus
381 1248 675 1315 dilapsisque
713 1250 762 1296 in
791 1250 1005 1309 Francia,
1048 1250 1316 1298 remedium
1353 1249 1651 1297 afferretur¹.

223 1328 338 1373 Post
374 1327 509 1391 cujus
545 1327 830 1387 adventum,
870 1328 1084 1375 videntes
1125 1327 1306 1391 Anglici
1339 1327 1654 1375 Parisiensem

222 1403 396 1453 urbem
431 1406 601 1453 vicinis
632 1406 1005 1471 circumquaque
1040 1406 1230 1472 oppidis
1274 1422 1331 1453 ac
1379 1405 1655 1453 munitioni-

220 1481 331 1545 bus,
354 1496 459 1548 quae
480 1483 542 1531 ad
565 1487 772 1531 Francos
794 1483 1083 1545 defecerant,
1109 1483 1184 1531 vel
1209 1483 1354 1531 armis
1374 1493 1456 1531 aut
1473 1482 1655 1530 insidiis

220 1559 284 1608 ad
303 1577 387 1609 eos
408 1572 744 1627 pervenerant,
773 1562 978 1626 graviter
996 1561 1208 1628 opprimi
1230 1561 1365 1625 (nam
1387 1571 1434 1608 et
1455 1561 1656 1609 Latinia-

221 1655 333 1687 cum
346 1656 492 1705 supra
502 1642 802 1699 Maternam²,
817 1649 864 1687 et
877 1639 1414 1704 Sanctum-Dionysium
1431 1638 1654 1686 obtinue-

221 1726 351 1778 rant,
374 1734 486 1765 cum
517 1717 620 1765 aliis
650 1717 869 1783 plurimis
901 1717 1168 1778 fortaliciis3
1203 1727 1250 1764 et
1287 1716 1414 1764 same
1447 1726 1494 1764 et
1523 1725 1654 1783 peste

221 1805 364 1862 atque
385 1796 527 1844 variis
550 1795 898 1844 calamitatibus
918 1795 1033 1843 urbs
1053 1796 1157 1862 ipsa
1181 1795 1513 1843 miserabiliter
1537 1812 1653 1842 con—

221 1872 470 1921 ficiebatur
497 1883 544 1921 et
576 1873 889 1940 vastabatur),
920 1873 1257 1922 obsidionibus
1284 1883 1332 1921 et
1370 1873 1515 1921 armis
1548 1872 1654 1938 plu—

221 1951 342 1999 rima
362 1968 512 2018 parva
536 1952 727 2000 castella
746 1962 1107 2019 recuperarunt.

690 2141 1035 2187 CAPITULUM
1068 2142 1168 2187 XV.

222 2239 412 2286 Obsideiur
421 2249 684 2298 compendium
699 2251 743 2286 ab
755 2250 879 2298 Anglis
893 2259 926 2286 et
938 2249 1268 2299 Burgundionibus,
1283 2250 1346 2285 ubi
1362 2250 1383 2285 J
1385 2262 1502 2285 oanna
1514 2250 1648 2294 Puella,

270 2309 315 2346 de
333 2310 469 2359 oppido
485 2311 623 2348 irruens
641 2311 679 2346 in
700 2311 818 2348 hostes
835 2339 844 2356 ,
861 2312 907 2347 ab
927 2325 1001 2347 uno
1019 2311 1276 2361 Burgundione
1291 2313 1431 2360 capitur
1447 2321 1480 2347 et
1495 2312 1650 2360 Anglicis

267 2371 432 2408 venditur
442 2372 470 2408 ⁸.

287 2459 450 2515 Quum
487 2466 646 2504 autem
676 2458 1032 2524 Compendium
1068 2475 1214 2524 supra
1248 2462 1427 2506 Isaram
1465 2459 1646 2506 flumen

221 2550 333 2582 cum
354 2535 775 2600 Burgundionibus
796 2537 886 2602 ipsi
909 2538 1090 2602 Anglici
1111 2538 1298 2601 jamdiu
1320 2538 1644 2594 obsedissent,

278 2646 316 2685 1.
337 2646 397 2682 On
421 2644 457 2683 le
477 2645 519 2684 fit
536 2645 753 2698 debarquer
771 2650 793 2686 a
812 2647 935 2688 Calais
954 2648 991 2687 le
1013 2650 1064 2687 23
1082 2648 1178 2687 avril
1196 2650 1316 2688 1430.

276 2707 315 2744 2.
345 2708 741 2758 Lagny-sur-Marne.

274 2766 327 2863 ἓν
347 2764 527 2817 Chapitre
557 2765 735 2819 imprime
766 2767 860 2806 dans
889 2767 1063 2807 l’edition
1096 2767 1164 2806 des
1182 2768 1318 2808 Procas
1340 2770 1391 2805 de
1409 2770 1447 2806 la
1467 2769 1620 2805 Pucelle
1633 2796 1646 2816 ,

223 2831 254 2864 t.
331 2853 342 2873 ‚
361 2838 402 2876 p.
427 2827 519 2864 351.
