2086 3528
459 408 534 443 304
847 404 1190 451 HISTORIARUM
1217 404 1400 442 CAROLI
1428 407 1497 442 vll

456 488 721 556 praevidens
750 487 884 551 quod
905 525 917 546 ‚
944 487 981 533 si
1013 487 1078 533 ita
1104 496 1321 551 pergeret
1350 486 1528 549 facere,
1562 504 1754 536 necesse
1792 489 1878 538 ha-

456 566 626 614 herent
655 565 835 612 subditi
861 565 955 622 sui,
990 579 1113 627 quos
1134 563 1180 609 in
1208 564 1459 627 tranquilla
1480 565 1697 613 libertate
1715 583 1879 631 regere

457 655 504 692 et
532 659 816 691 conservare
847 642 1015 689 solitus
1045 651 1168 702 erat,
1195 651 1241 688 et
1273 641 1426 690 facere
1459 639 1709 708 cupiebat,
1737 645 1879 693 simul

457 722 555 769 duo
592 720 670 767 illa
705 720 921 786 pessimae
950 718 1186 765 servitutis
1220 735 1395 781 onera,
1431 720 1663 768 tributum
1701 721 1880 770 scilicet

456 810 502 846 et
522 798 738 844 militiam
762 796 993 856 tolerare;
1016 796 1267 843 attendens
1286 797 1428 843 etiam
1450 798 1693 861 profecto,
1717 799 1873 864 quod,

455 876 494 923 si
522 892 674 941 prope
700 874 916 921 militiam
951 874 1077 938 regis
1111 891 1245 921 suam
1268 874 1317 920 in
1347 875 1572 939 praesidiis
1595 876 1874 940 collocaret,

455 953 647 1000 difficile
682 962 803 999 esset
831 951 947 1016 quin
979 951 1205 1016 utrinque
1235 951 1386 999 caedes
1419 962 1562 1017 atque
1585 953 1879 1002 incursiones

456 1031 624 1078 fierent
649 1049 658 1077 :
686 1029 862 1094 quibus
893 1029 1199 1076 irritamentis
1233 1027 1441 1088 bellum,
1468 1029 1602 1094 quod
1623 1031 1770 1078 vitare
1797 1048 1880 1078 cu—

454 1108 616 1173 piebat
633 1145 644 1166 ‚
671 1107 985 1154 verisimiliter
1013 1116 1175 1172 posset
1203 1105 1400 1153 oboriri.
1430 1106 1598 1167 Unde,
1624 1108 1734 1156 licet
1755 1125 1879 1174 saepe

455 1187 504 1233 in
527 1187 661 1234 curia
690 1187 811 1250 regis
834 1185 1019 1245 Caroli,
1050 1189 1345 1232 Francorum
1369 1186 1490 1249 regis
1508 1223 1519 1245 ‚
1547 1195 1593 1232 et
1615 1202 1702 1251 per
1722 1195 1879 1234 totum

454 1281 678 1329 regnum,
717 1273 763 1310 et
804 1263 1049 1328 potissime
1096 1262 1312 1327 quolibet
1348 1279 1478 1310 anno
1525 1263 1653 1310 circa
1690 1263 1878 1311 initium

455 1343 602 1402 veris,
626 1358 826 1406 magnus
849 1341 1133 1388 excitaretur
1161 1357 1329 1387 rumor
1357 1340 1489 1405 quod
1518 1357 1685 1405 guerra
1711 1351 1880 1390 contra

457 1419 819 1483 Burgundiones
860 1417 1134 1465 inchoanda
1178 1427 1300 1464 esset
1323 1453 1336 1476 ‚
1373 1417 1525 1465 nihilo
1563 1427 1723 1465 tamen
1765 1419 1880 1466 inde

453 1511 702 1562 permotus
740 1495 1140 1560 Burgundionum
1179 1494 1309 1556 dux,
1352 1511 1555 1560 parcens
1594 1495 1794 1544 subditis
1832 1507 1880 1545 et

457 1575 591 1622 terris
618 1576 736 1633 suis,
766 1591 1018 1638 nunquam
1041 1573 1303 1621 exercitum
1335 1574 1641 1637 congregavit
1661 1573 1735 1621 vel
1759 1572 1895 1622 con-¹

455 1652 707 1699 ductitium
731 1651 930 1696 militem
951 1649 1013 1696 ad
1036 1649 1272 1714 stipendia
1292 1659 1454 1696 tenere
1478 1650 1655 1698 voluit:
1683 1661 1881 1699 conten·

456 1742 529 1779 tus
551 1730 889 1778 tantummodo
921 1730 1133 1776 edictum
1157 1746 1243 1794 per
1275 1739 1421 1776 terras
1443 1746 1551 1777 suas
1575 1746 1846 1796 proponere
1862 1769 1875 1793 ‚

455 1810 589 1875 quod
614 1826 782 1856 omnes
806 1807 993 1856 vassalli
1015 1808 1117 1866 sui,
1149 1818 1196 1855 et
1218 1808 1301 1872 qui
1323 1809 1468 1855 armis
1484 1847 1496 1870 ‚
1534 1809 1730 1873 quando
1756 1825 1879 1874 opus

455 1898 606 1950 esset,
634 1889 809 1935 servire
844 1897 1223 1946 consueverant,
1264 1903 1313 1933 se
1339 1897 1629 1951 praeparatos
1655 1888 1703 1934 in
1735 1885 1879 1934 armis

455 1978 502 2015 et
524 1968 657 2032 equis
676 1967 885 2014 facerent
907 1982 971 2030 ac,
986 1974 1217 2011 tenerent.
1249 1964 1394 2022 Quod
1413 1964 1496 2011 ubi
1519 1982 1605 2030 per
1627 1965 1784 2030 ipsum
1803 1980 1880 2012 se-

456 2046 548 2093 mel
588 2046 638 2092 in
673 2061 803 2092 anno
842 2043 946 2090 fieri
980 2043 1329 2103 consuevisset,
1367 2043 1504 2107 quasi
1539 2059 1597 2090 eo
1630 2041 1879 2089 frendente

455 2123 676 2170 dentibus
698 2123 746 2169 in
772 2121 964 2179 hosteS‚
992 2120 1219 2167 excitatos
1252 2120 1313 2167 de
1348 2119 1601 2166 inferendo
1633 2118 1723 2165 sibi
1748 2117 1876 2166 bello

455 2218 673 2247 rumores
696 2200 883 2246 silentio
904 2198 1138 2262 supprimi
1163 2208 1210 2244 et
1243 2197 1503 2244 oblitterari
1534 2205 1675 2260 atque
1703 2195 1878 2244 obmu-

456 2288 636 2325 tescere
660 2277 876 2323 faciebat.

520 2359 685 2403 Fertur
709 2365 868 2401 autem
897 2371 922 2401 a
956 2353 1172 2418 plurimis
1203 2352 1336 2417 quod
1368 2352 1407 2398 si
1441 2351 1641 2416 hospitis
1671 2350 1745 2398 sui
1774 2350 1880 2398 Del-

455 2434 590 2499 phini
615 2432 849 2479 obaudire
880 2430 1126 2477 desideriis
1156 2430 1407 2484 voluisset,
1434 2429 1563 2493 quod
1589 2446 1689 2476 non
1728 2428 1878 2476 modo

455 2512 553 2576 regi
596 2509 777 2557 bellum
820 2507 1084 2565 intulisset,
1126 2523 1291 2553 verum
1329 2506 1472 2553 etiam
1509 2506 1789 2554 Edoardum
1832 2515 1879 2553 et

456 2588 630 2652 Anglos
666 2587 727 2634 ad
761 2585 888 2632 idem
924 2585 1237 2643 concitasset3
1265 2583 1349 2629 sed
1383 2600 1472 2630 nec
1506 2583 1555 2631 id
1587 2584 1762 2644 facere,
1788 2599 1879 2630 nec

455 2667 534 2713 tali
552 2665 754 2730 juvenili
783 2662 1010 2727 Delphini
1035 2620 1275 2708 desiderio
1300 2660 1739 2725 obtemperandum
1775 2676 1877 2708 esse

454 2742 667 2808 putavit,
706 2757 807 2787 non
846 2740 1101 2786 immemor
1137 2737 1325 2784 foederis
1354 2737 1485 2802 quod
1523 2736 1731 2784 Atrebati
1765 2753 1875 2784 cum

454 2820 626 2868 eodem
647 2836 754 2883 rege
773 2817 1108 2883 percussisset,
1130 2832 1219 2863 nec
1238 2825 1440 2880 quantas
1461 2817 1556 2863 suis
1575 2817 1710 2863 terris
1727 2816 1878 2880 regni-

456 2916 549 2962 que
572 2897 745 2944 accolis
776 2895 1064 2943 calamitates
1094 2903 1141 2940 et
1167 2894 1447 2941 afflictiones
1475 2893 1693 2959 priorum
1729 2892 1877 2941 bello-
