2086 3528
465 354 515 389 42
846 352 1192 390 HISTORIARUM
1219 353 1400 391 CAROLI
1427 354 1497 391 VII

464 446 596 501 parte
614 436 817 501 potitus,
841 434 1098 499 aliquando
1121 446 1317 497 neutr0,
1341 437 1585 484 interdum
1609 436 1758 485 altero
1780 447 1882 486 tan-

464 523 588 574 tum;
618 512 681 560 ad
711 522 980 569 extremum,
1009 522 1214 578 utroque
1236 513 1377 561 simul
1407 531 1519 561 cum
1555 515 1651 562 vita
1671 515 1883 580 privatus

463 600 510 637 et
539 589 748 637 violenta
775 598 930 636 morte
961 588 1246 652 suffocatus,
1276 607 1361 655 per
1388 608 1501 638 suos
1532 592 1706 656 Anglos
1736 608 1883 640 occu-

463 668 583 716 buit.

527 748 718 793 Mortuo
741 754 901 792 autem
921 744 1116 810 proefato
1140 745 1398 810 Anglorum
1433 764 1543 811 rege
1558 785 1570 807 ,
1596 764 1757 813 quem,
1782 747 1884 796 del-

463 823 615 889 phino
633 840 659 870 a
678 832 811 888 patre
836 839 923 870 suo
947 822 1262 885 exhaeredato,
1285 823 1521 872 haeredem
1536 835 1583 872 et
1596 817 1884 889 gubernato-

464 919 566 950 rem
597 902 802 949 Franciae
824 901 1002 948 factum
1032 917 1175 966 supra
1197 900 1470 963 retulimus,
1494 901 1630 950 brevi
1655 903 1885 968 temporis

464 979 711 1026 intervallo
751 988 883 1044 post,
916 987 965 1026 et
1000 979 1100 1043 ipse
1137 978 1337 1025 Carolus
1369 978 1513 1042 hujus
1550 980 1762 1039 nominis
1794 982 1880 1042 vl,

463 1060 759 1104 Francorum
804 1073 912 1117 rex,
950 1073 1061 1104 cum
1105 1065 1347 1120 regnasset
1395 1057 1532 1104 annis
1571 1057 1885 1121 quadraginta

464 1136 613 1194 octo¹,
631 1135 812 1198 majore
826 1151 880 1181 ex
897 1143 1032 1199 parte
1051 1143 1308 1199 postquam
1327 1134 1584 1181 amentiam
1599 1135 1880 1195 incurrerat,

465 1228 520 1259 ex
543 1211 634 1260 hac
667 1211 875 1259 instabili
909 1213 1015 1259 luce
1036 1220 1280 1281 ,extractus
1303 1210 1452 1271 obiit,
1479 1211 1750 1277 relinquens
1778 1228 1884 1277 reg-

464 1307 607 1351 num,
640 1290 748 1354 jure
782 1289 977 1354 quidem
1012 1289 1072 1337 ad
1105 1289 1331 1336 Carolum
1366 1291 1474 1349 VII,
1500 1288 1653 1338 filium
1688 1290 1885 1338 unicum

464 1367 554 1414 sibi
574 1368 874 1433 superstitem
889 1403 902 1427 ,
925 1376 973 1413 et
994 1366 1225 1413 naturalis
1255 1366 1570 1414 successionis
1589 1366 1784 1426 ordine,
1807 1367 1890 1416 de-

466 1446 710 1505 volutum,
737 1445 845 1492 licet
880 1455 995 1493 tunc
1028 1461 1200 1507 magna
1229 1461 1285 1491 ex
1309 1454 1444 1509 parte
1474 1444 1536 1492 ab
1562 1445 1723 1509 Anglis
1752 1446 1887 1510 regni

464 1524 683 1571 hostibus
723 1533 1038 1588 occupatum,
1074 1522 1290 1570 civilibus
1323 1539 1439 1570 vero
1473 1533 1618 1588 atque
1654 1523 1888 1572 intestinis

464 1602 844 1649 dissensionibus
887 1601 1045 1658 nimis,
1082 1600 1206 1666 proh
1238 1600 1410 1648 dolor!
1449 1601 1710 1650 laceratum
1744 1612 1887 1667 atque
1942 1645 1955 1661 <-

465 1679 815 1746 perturbatum.

531 1760 588 1803 Et
618 1756 730 1821 quia
765 1757 813 1803 in
848 1756 1250 1820 consequentibus
1281 1766 1410 1820 gesta
1443 1757 1590 1822 ipsius
1618 1757 1775 1805 Caroli
1806 1760 1887 1806 Vll

466 1851 565 1882 non
587 1835 686 1898 jam
706 1833 946 1899 delphini,
970 1833 1081 1881 licet
1101 1833 1231 1881 hunc
1254 1835 1410 1881 solum
1432 1834 1520 1881 sibi
1539 1834 1728 1882 titulum
1751 1835 1888 1901 Angli

466 1923 513 1961 et
546 1912 910 1975 Burgundiones
937 1911 1080 1959 etlam
1111 1922 1227 1959 tunc
1264 1912 1526 1972 deferrent,
1566 1912 1649 1959 sed
1684 1929 1742 1960 ex
1772 1923 1887 1961 tunc

467 1991 587 2055 regis
607 1993 900 2037 Francorum
922 1989 1117 2053 legitimi
1134 1999 1181 2036 et
1203 1990 1454 2050 naturalis,
1475 1990 1715 2039 narranda
1737 2007 1888 2040 susee-

466 2070 655 2135 pimus,
684 2085 745 2115 ne
775 2068 922 2115 nimia
947 2067 1055 2114 libri
1080 2068 1324 2133 prolixitas
1352 2068 1619 2132 legentibus
1645 2069 1887 2119 fastidiosa

466 2151 547 2210 sit,
562 2149 657 2197 hoc
674 2151 878 2197 termino
894 2149 1070 2197 librum
1088 2149 1219 2196 hunc
1232 2150 1573 2197 convenienter
1590 2150 1883 2214 claudentes,

466 2228 712 2293 sequentia
734 2245 791 2275 ex
813 2227 1004 2275 alterius
1028 2226 1276 2274 ordiemur
1298 2227 1448 2274 initio.

520 2384 560 2423 1,
589 2380 621 2420 Il
653 2381 819 2420 faudrait
849 2380 1015 2427 duobus,
1051 2379 1215 2432 puisqne
1247 2379 1404 2418 Char-les
1441 2382 1491 2418 VI
1529 2381 1649 2434 regna
1686 2382 1822 2435 depuis
1847 2382 1885 2422 le

469 2443 519 2480 16
537 2440 754 2494 septembre
773 2442 877 2479 1380
891 2440 1072 2492 jusqu’au
1092 2441 1138 2478 21
1161 2438 1320 2478 octobre
1341 2441 1459 2477 1⁴22.

939 2673 1111 2698 zxrucrr
1140 2674 1249 2698 mum
1271 2674 1421 2699 mimus.

1958 0 2086 188 W

2054 190 2074 218 ,ἦ
