2086 3528
758 346 904 390 LIBER
931 348 1160 401 QUINTUS.
1589 359 1664 398 307

256 427 438 482 dictum
459 429 582 500 regis
603 426 758 482 filium
780 448 882 484 non
909 437 1091 502 ingrate
1125 438 1318 489 fovebat
1345 448 1393 488 et
1421 438 1663 505 servabat,

253 520 356 559 non
398 507 532 561 facile
569 523 796 578 reputans
839 528 998 580 regem
1014 553 1027 577 ,
1080 517 1311 581 quamdiu
1347 518 1429 566 tali
1467 520 1668 586 pignore

254 582 378 637 foret
412 587 624 638 munitus
634 627 647 651 ‚
678 587 860 639 bellum
902 602 1069 641 contra
1108 606 1158 642 se
1201 591 1429 644 inchoare
1459 594 1665 660 audere,

254 670 549 716 metuentem
600 668 727 733 (non
763 667 848 718 abs
873 670 958 735 re)
986 682 1078 734 ne,
1124 670 1206 719 uhi
1250 672 1346 721 hoc
1385 679 1665 740 attentaret,

255 754 429 809 magna
467 756 578 811 pars
601 744 782 795 ducum
803 756 852 807 et
875 745 1081 796 militum
1105 763 1304 798 suorum
1326 751 1387 800 ad
1409 749 1561 802 filium
1592 753 1671 803 de-

253 820 430 884 ficeret.

320 896 383 948 Ut
403 909 563 950 autem
587 912 820 951 armatam
840 902 1051 953 validam
1083 916 1167 952 rex
1189 902 1251 953 ad
1281 903 1510 956 auxilium
1543 906 1671 958 Hen-

253 979 340 1031 t‘ici
360 983 574 1048 ejusdem
595 985 783 1033 mittere
806 995 991 1051 posset,
1025 998 1081 1034 'ex
1102 984 1328 1053 Hispania
1350 998 1460 1037 octo
1479 984 1580 1054 jam
1597 992 1674 1040 v'el

253 1059 424 1109 decem
456 1075 601 1111 naves
639 1063 880 1111 onerarias
902 1064 1131 1111 maximas
1163 1065 1213 1112 in
1236 1064 1413 1114 ostium
1445 1069 1674 1133 Sequanae

253 1131 429 1188 adduci
445 1136 637 1202 fecerat,
658 1135 857 1190 classem
872 1138 1212 1208 undecumque
1233 1157 1486 1211 aggregare
1503 1147 1551 1194 in
1572 1147 1674 1195 dies

254 1222 495 1283 satagens,
534 1228 587 1266 ut
620 1216 785 1284 (quod
819 1214 921 1286 ipse
953 1221 1158 1268 maxime
1195 1216 1382 1270 efficere
1419 1218 1676 1290 cupiebat)

253 1290 410 1344 eidem
432 1308 522 1353 suo
542 1292 707 1363 nepoti
730 1293 974 1347 auxiliaria
997 1295 1165 1347 solatia
1182 1295 1470 1366 impartiret.·

730 1476 1070 1524 CAPITULUM
1102 1480 1202 1524 XX.

325 1594 487 1633 Deiectio
500 1596 733 1634 Imuensium
745 1623 756 1643 ‚
773 1605 808 1634 et
823 1598 1008 1646 quomodo
1025 1599 1153 1634 Franci
1167 1598 1358 1635 infeliciter
1373 1608 1456 1635 eum
1472 1598 1605 1635 eisdem

832 1668 1092 1707 pugnaverunt.

237 1817 239 1821 ι
318 1759 469 1807 Porro
506 1764 554 1807 et
589 1754 767 1808 eisdem
809 1759 1110 1826 temporibus
1149 1760 1331 1826 regium
1366 1759 1523 1808 Caroli
1555 1760 1678 1828 regis

256 1836 470 1884 animum
502 1846 790 1904 occupatum·
817 1847 1076 1903 utcumque
1108 1837 1354 1886 detinebat
1374 1837 1577 1886 defectio
1603 1841 1679 1887 Ja-

255 1913 531 1962 nuensium.
554 1918 673 1964 Nam
692 1930 804 1963 cum
828 1917 971 1963 unius
994 1916 1139 1981 partis
1155 1916 1334 1963 civium
1352 1916 1559 1965 factione
1578 1933 1680 1965 sese

254 1993 380 2056 regi,
423 2007 508 2058 per
541 1994 725 2060 aliquot
757 2004 865 2043 ante
900 2010 1077 2056 annos,
1113 1993 1463 2043 subdidissent¹
1499 1998 1545 2043 et
1578 1995 1679 2059 ejus

254 2069 522 2135 paruissent
542 2071 770 2136 imperio,
799 2071 1001 2136 contigit
1024 2081 1077 2119 ut
1099 2070 1230 2119 idem
1251 2084 1332 2119 rex
1348 2107 1361 2132 ‚
1387 2072 1470 2136 qui
1493 2072 1587 2119 illic
1613 2072 1677 2119 ob

253 2146 453 2195 tutelam
493 2148 694 2196 civitatis
734 2158 876 2214 atque
910 2149 1114 2196 dominii
1151 2149 1224 2196 sui
1261 2158 1445 2197 certum
1474 2149 1678 2198 militum

255 2240 511 2273 numerum
541 2225 806 2286 locaverat,
832 2227 1035 2292 vectigal
1059 2227 1308 2292 quoddam
1330 2242 1415 2276 seu
1446 2227 1679 2275 tributum

255 2303 318 2351 ad
354 2304 591 2370 stipendia
630 2303 744 2371 ipsis
783 2305 1001 2353 facienda
1038 2305 1269 2354 militibus
1310 2307 1360 2353 in
1405 2306 1594 2355 civitate·
1634 2316 1681 2355 et

254 2376 501 2446 adjacente
539 2384 692 2448 patria
733 2383 1058 2448 colligendum
1090 2396 1119 2432 a
1157 2383 1339 2432 civibus
1381 2389 1676 2449 exposceret.

255 2459 402 2519 Quod
443 2472 555 2508 curn
593 2473 712 2525 aegre
746 2462 873 2510 cives
914 2462 1122 2524 ferrent,
1158 2461 1289 2510 illico
1320 2468 1373 2510 ut
1404 2475 1491 2528 per
1525 2462 1680 2527 regios

255 2539 635 2600 commissarios,
677 2540 760 2604 qui
795 2540 858 2589 ad
890 2536 1182 2589 audiendam
1222 2540 1346 2605 regis
1382 2540 1678 2588 voluntatem

255 2617 457 2665 civitatis
475 2616 711 2682 populum
728 2628 1070 2681 convocarant,
1089 2619 1150 2666 de
1170 2617 1449 2682 hujusmodi
1464 2617 1682 2682 vectigali

238 2684 341 2743 'seu
362 2694 543 2743 tributo
562 2695 862 2761 imponendo
885 2698 1099 2763 perorari
1123 2713 1286 2745 orsum
1306 2705 1399 2757 est,
1427 2695 1683 2743 frementes

315 2875 351 2910 1.
383 2873 457 2910 Par
474 2870 513 2909 la
531 2869 673 2909 faction
694 2870 762 2909 des
780 2870 938 2923 Fregosi
951 2901 962 2920 ,
986 2884 1036 2910 au
1055 2871 1153 2910 mois
1172 2871 1222 2910 de
1243 2866 1320 2912 mai
1343 2869 1461 2911 1858.
