2086 3528
533 334 611 371 246
905 333 1247 372 HISTORIARUM
1277 334 1456 373 CAROLI
1486 335 1557 373 vn

533 414 816 463 circumdari
866 423 912 461 et
947 414 1206 479 expugnari
1245 414 1394 471 suerat
1436 425 1714 475 attentatum
1735 451 1748 474 ,
1791 416 1945 481 prius-

531 507 676 557 quam
702 490 795 537 hoc
821 491 950 555 apud
978 492 1426 540 Pontem-Odomari
1456 493 1615 540 fuisset
1642 492 1938 541 inchoatum.

533 569 671 616 Unde
703 569 845 632 hujus
884 570 1043 633 gratiae
1080 579 1126 616 et
1156 569 1375 617 beneficii
1414 572 1502 618 Dei
1539 571 1860 618 exhibitorum
1895 572 1946 619 in
2006 574 2008 577 ’

531 646 658 692 dicta
697 647 1055 710 recuperatione
1087 647 1413 706 Normanniae,
1453 664 1551 694 non
1591 657 1687 695 tam
1723 647 1812 712 ipsi
1846 649 1946 711 regi

532 739 676 786 quam
701 723 788 769 toti
815 739 988 787 regno,
1017 724 1181 770 volens
1203 740 1280 770 rex
1306 723 1502 771 Carolus
1530 724 1712 772 debitas
1741 732 1946 787 quotan-

530 799 603 846 nis
620 802 722 846 Deo
738 800 945 864 persolvi
961 800 1195 848 solemnes
1214 802 1468 864 gratiarum
1485 803 1694 850 actiones
1706 824 1726 861 ,’
1741 801 1946 865 factique

530 886 627 923 tam
664 877 986 926 memorabilis
1026 879 1304 926 memoriam
1336 879 1395 926 ad
1426 890 1641 944 posteros
1665 879 1942 939 transferre,

531 955 775 1002 constituit
819 966 866 1003 et
912 956 1178 1015 ordinavit,
1220 973 1329 1003 cum
1369 973 1607 1004 consensu
1639 957 1944 1022 praelatorum

531 1033 695 1095 regni,
724 1042 799 1093 ut,
825 1032 1109 1080 duodecima
1135 1032 1212 1081 die
1231 1034 1407 1081 mensis
1429 1034 1643 1097 Augusti,
1671 1050 1756 1098 per
1777 1048 1945 1080 omnes

530 1108 748 1156 ecclesias
775 1108 1089 1168 cathedrales,
1115 1125 1202 1173 per
1224 1109 1433 1171 singulos
1458 1125 1637 1168 annos,
1663 1108 1745 1156 fiat
1770 1109 1947 1159 solem-

531 1186 605 1232 nis
627 1186 895 1250 processio,
930 1186 980 1231 in
1007 1202 1101 1249 qua
1123 1185 1366 1232 Divinitati
1396 1185 1558 1233 laudes
1586 1196 1633 1233 et
1665 1186 1822 1249 gratiae
1855 1205 1945 1254 pro

531 1272 664 1309 tanto
696 1261 929 1309 beneficio
959 1262 1222 1309 referantur
1253 1262 1608 1327 offeranturque
1631 1261 1815 1310 d'evotae
1839 1279 1947 1332 sup-

531 1339 810 1405 plicationes
829 1350 873 1387 et
893 1339 1123 1387 sacrificia
1142 1342 1244 1386 Deo
1263 1376 1275 1398 ‚
1296 1357 1384 1404 pro
1409 1340 1560 1387 salute
1591 1339 1713 1403 regis
1744 1349 1790 1387 et
1813 1341 1946 1404 regni

532 1429 627 1464 tam
654 1417 882 1481 spirituali
922 1434 1064 1481 quam
1100 1417 1370 1482 temporali.
1403 1416 1546 1474 Quod
1579 1416 1826 1481 hucusque
1865 1434 1946 1466 ex-

532 1494 644 1540 inde
665 1503 853 1541 constat
874 1493 1013 1541 fuisse
1034 1494 1358 1541 observatum.

601 1574 657 1618 Et
694 1571 805 1635 quia
834 1571 1038 1635 plurima
1068 1570 1226 1618 adhuc
1258 1579 1437 1618 restant
1471 1569 1532 1617 de
1565 1568 1707 1617 rebus
1735 1570 1864 1620 bello
1900 1580 1948 1620 et

534 1664 652 1713 pace
684 1665 770 1712 per
801 1647 930 1695 hunc
967 1664 1152 1710 regem,
1189 1657 1234 1694 et
1267 1646 1356 1694 sub
1390 1647 1489 1709 ejus
1514 1647 1742 1711 imperio,
1770 1647 1942 1711 gestis,
1983 1682 1986 1690 ι

535 1725 629 1771 hoc
660 1724 767 1771 loco
799 1724 999 1770 modum
1027 1724 1139 1771 huic
1168 1723 1290 1770 libro
1307 1733 1568 1789 ponentes,
1595 1739 1655 1770 ne
1678 1723 1824 1771 nimia
1846 1724 1947 1788 ejus

535 1801 778 1867 prolixitas
810 1800 1074 1866 legentibus
1103 1800 1341 1848 fastidiosa
1369 1801 1454 1859 sit,
1495 1817 1551 1847 ex
1584 1801 1774 1848 alterius
1810 1801 1946 1849 initio
1976 1819 1983 1828 ·

536 1896 641 1943 quae
656 1888 833 1926 restant
846 1914 858 1935 ,
883 1880 1087 1926 Domino
1103 1880 1224 1925 vires
1241 1878 1648 1936 subministrante,
1668 1877 1941 1928 referemus.
1958 1937 1960 1940 Ι

993 2270 1057 2294 mc
1086 2269 1185 2294 1⁸1le
1207 2269 1348 2302 QUAn'rl
1375 2270 1491 2295 unm.
