2086 3528
789 383 936 420 LIBER
960 382 1160 420 PRIMUS.
1633 390 1682 427 35

716 599 1059 646 CAPITULUM
1093 602 1216 648 XIV.

259 736 311 770 De
332 747 420 783 pace
437 734 529 770 facta
543 734 637 771 inter
652 735 819 770 Carolum
834 738 888 772 VI
906 738 1126 773 Francorum
1142 748 1176 774 et
1194 739 1388 775 Henricum
1403 742 1539 790 Anglia
1557 755 1655 791 reges
1669 772 1679 789 ,

676 804 710 831 et
725 797 845 832 Caroli
862 799 936 833 VII
953 797 1251 835 exhaeredatione.

323 922 529 988 Recepto
563 922 724 987 itaque
755 922 1058 987 Rothomago
1092 934 1140 972 et
1172 925 1264 991 sub
1309 925 1544 974 ditionem
1580 930 1680 975 An-

256 1001 443 1066 glorum
473 999 696 1060 redacto,
726 1018 813 1066 per
835 1001 930 1048 hoc
961 1001 1140 1066 oppida
1173 1012 1219 1050 et
1246 1003 1435 1052 castella
1465 1004 1680 1053 similiter

255 1080 396 1128 etiam
421 1079 483 1127 ad
507 1079 684 1144 Anglos
706 1080 1008 1127 transierunt.
1037 1084 1094 1127 Et
1117 1082 1228 1145 quia
1252 1084 1386 1147 regni
1415 1084 1560 1131 totius
1585 1084 1677 1131 im—

212 1168 215 1177 ‘
252 1159 441 1224 perium
465 1157 726 1222 Anglorum
750 1175 855 1218 rex,
883 1158 1066 1206 nedum
1089 1161 1452 1222 Normanniam,
1484 1161 1575 1210 sibi
1593 1161 1678 1210 ad-

253 1236 412 1284 dicere
445 1235 690 1301 cupiebat,
731 1236 946 1284 videntes
981 1237 1064 1301 qui
1098 1237 1223 1286 circa
1254 1241 1481 1288 Carolum
1519 1239 1678 1289 adhuc

250 1331 431 1379 regem,
458 1315 540 1379 qui
563 1331 731 1362 omnes
744 1331 879 1380 paene
901 1323 1005 1362 tum
1031 1331 1087 1362 ex
1110 1316 1510 1380 Burgundionum
1533 1319 1678 1384 parti-

249 1391 342 1440 bus
370 1401 530 1451 erant,
563 1408 614 1439 se
642 1400 689 1439 et
719 1407 922 1454 regnum
951 1408 1050 1439 non
1086 1392 1222 1441 facile
1254 1395 1398 1442 tutari
1429 1412 1571 1461 posse
1594 1396 1679 1445 ad-

250 1486 414 1518 versus
447 1469 709 1533 Anglorum
739 1470 876 1529 vireS,
905 1470 987 1534 qui
1016 1470 1117 1533 jam
1152 1473 1497 1521 Normanniam
1536 1491 1672 1539 paene

250 1549 522 1596 universam
553 1546 884 1612 occupabant,
927 1557 973 1594 et
1009 1557 1178 1596 contra
1205 1550 1346 1597 etiam
1383 1553 1675 1600 Francorum

248 1627 531 1691 potentiam,
563 1642 686 1690 quos
716 1626 1023 1672 Armeniacos
1046 1625 1289 1687 dicebant,
1321 1629 1404 1692 qui
1439 1629 1669 1694 utrisque,

247 1713 346 1752 tam
379 1703 802 1768 Burgundionibus
834 1718 978 1768 quam
1014 1704 1199 1767 miglis,
1233 1704 1418 1753 fortiter
1452 1707 1672 1755 immine-

246 1781 381 1844 bant,
421 1792 468 1830 et
485 1799 535 1830 se
557 1792 603 1830 et
627 1792 775 1830 terras
794 1798 912 1847 quas
927 1781 1158 1829 tenebant
1185 1782 1246 1830 ab
1274 1784 1485 1849 utrisque
1513 1785 1676 1835 defen·

246 1859 425 1908 debant
446 1897 458 1921 ,
485 1861 616 1926 pacis
635 1860 813 1908 foedera
829 1860 1039 1907 inierunt
1053 1870 1100 1908 et
1113 1872 1411 1926 pepegerunt
1431 1863 1555 1910 inter
1576 1880 1674 1911 am·

245 1937 335 1986 bos
367 1942 545 2003 reges²,
582 1939 647 1986 ita
675 1938 897 1986 videlicet
931 1937 1066 2001 quod
1089 1941 1384 2003 Francorum
1407 1956 1488 1988 rex
1506 1978 1518 1999 ‚
1544 1941 1674 1988 velut

243 2033 330 2082 per
345 2016 717 2064 inobedientiam
738 2015 800 2063 ad
818 2032 885 2076 se,
913 2026 1117 2081 patrem,
1144 2016 1442 2065 exhaeredato
1458 2017 1558 2066 filio
1581 2036 1670 2067 suo

244 2096 416 2142 Carolo
430 2098 532 2155 Vll,
549 2105 680 2151 tunc,
700 2104 752 2142 ut
765 2094 990 2155 diximus,
1007 2093 1241 2159 delphino
1257 2095 1605 2144 Viennensium
1626 2108 1672 2145 et

244 2173 452 2238 partium
469 2173 679 2232 illorum,
706 2172 790 2237 qui
811 2172 1077 2221 Armeniaci
1103 2171 1487 2238 appellabantur,
1513 2174 1667 2240 impe-

242 2252 367 2299 rium
389 2261 603 2312 tenente,
625 2250 866 2298 haeredem
885 2250 1019 2315 regni
1038 2259 1148 2315 post
1177 2267 1227 2297 se
1262 2250 1540 2311 Henricum‚
1572 2255 1666 2314 An·

243 2329 431 2394 glorum
452 2346 635 2394 regem,
658 2329 887 2389 instituit,
913 2338 961 2376 et
978 2345 1079 2375 esse
1106 2317 1259 2376 voluit
1281 2329 1429 2376 totius
1449 2330 1582 2393 regni
1609 2347 1666 2378 ex

244 2417 356 2455 tunc
384 2407 473 2455 sub
497 2424 584 2455 suo
615 2407 811 2454 nomine
844 2406 1280 2454 administratorem
1307 2416 1355 2453 et
1381 2406 1668 2471 gubernato-

242 2502 361 2533 rem.
389 2485 527 2533 Unde
550 2485 710 2533 abillo
727 2495 944 2550 tempore
961 2485 1063 2550 ipse
1081 2485 1316 2532 Henricus
1334 2501 1435 2532 non
1460 2502 1509 2533 se
1528 2489 1669 2533 Fran-

241 2581 411 2612 corum
432 2580 621 2627 regem,
650 2563 732 2610 sed
769 2562 1009 2610 haeredem
1040 2571 1087 2608 et
1118 2560 1491 2625 gubernatorem
1529 2563 1666 2626 regni

241 2640 495 2688 attitulavit
513 2660 526 2701 ;
547 2640 664 2688 obiit
683 2641 813 2688 enim
834 2640 964 2688 idem
982 2639 1214 2686 Henricus
1239 2640 1383 2705 paulo
1406 2650 1664 2704 antequam

242 2721 342 2786 ipse
365 2718 561 2767 Carolus
597 2722 679 2779 VI,
711 2722 1006 2767 Francorum
1040 2735 1147 2778 rex,
1179 2718 1277 2765 vita
1304 2727 1426 2765 esset
1452 2717 1659 2768 functus<

295 2892 334 2929 ί.
364 2887 491 2926 Traite
511 2887 559 2926 de
576 2889 735 2940 Troyes,
752 2886 804 2925 du
822 2889 867 2924 21
893 2887 970 2925 mai
995 2887 1110 2925 1420.
