2086 3528
543 377 592 414 84
925 374 1269 413 HISTORIARUM
1296 371 1478 412 CAROLI
1504 374 1576 410 VII

541 457 645 506 tolli
669 467 715 504 et
737 457 929 504 servari.
958 460 1018 503 Et
1038 456 1145 504 talis
1169 456 1365 521 quidem
1386 455 1494 503 finis
1518 456 1661 520 hujus
1683 457 1965 506 transitoriae

539 537 645 583 vitae
666 534 896 582 Johannae
918 534 1024 581 fuit.

606 612 906 679 Exspectabit
937 613 1060 659 forte
1081 611 1224 676 hujus
1254 612 1461 660 historiae
1491 612 1642 660 lector
1661 611 1968 666 nostrumrde

538 691 682 755 hujus
696 690 868 738 Puellae
887 691 1027 754 gestis
1039 689 1275 755 judicium
1293 712 1311 752 ,>
1331 690 1391 738 de
1413 707 1509 756 qua
1532 707 1619 756 per
1637 706 1836 738 omnem
1856 690 1969 739 Gal-

537 771 653 818 liam
685 785 743 817 ea
774 777 1057 834 tempestate
1087 767 1398 816 celeberrima
1423 768 1549 816 fama
1570 768 1674 816 fuit.
1702 771 1800 816 Nos
1821 775 1964 828 vero,

539 847 662 893 sicut
694 855 872 894 temere
903 862 1111 893 asserere
1145 862 1246 893 non
1281 847 1610 911 praesumimus
1632 846 1768 913 quod
1790 845 1970 894 revela-

540 923 694 970 tiones
719 932 768 970 et
798 923 1148 989 apparitiones,
1183 938 1302 987 quas
1330 922 1554 971 habuisse
1588 923 1772 984 aiebat,
1805 940 1833 972 a
1864 926 1968 972 Deo

539 1001 741 1063 fuerint,
771 1001 855 1065 qui
877 1001 1116 1047 missionis
1139 1017 1234 1048 suae
1252 1002 1386 1063 signa
1410 1001 1541 1066 (quae
1563 1001 1652 1048 soli
1671 1001 1847 1049 dicitur
1869 1001 1968 1065 regi

538 1078 711 1126 Carolo
746 1078 949 1142 dixisse)
975 1078 1174 1125 minime
1203 1079 1514 1141 agnovimus3
1541 1079 1606 1126 ita
1627 1078 1860 1127 audenter
1893 1079 1969 1126 di-

536 1158 689 1205 cimus
724 1167 770 1204 et
802 1155 1097 1204 affirmamus
1129 1156 1288 1220 quod,
1325 1173 1380 1203 ex
1402 1172 1630 1221 processu
1653 1155 1778 1204 sacto
1801 1166 1970 1204 contra

538 1252 645 1283 eam
686 1234 863 1299 (quem
896 1235 986 1299 ipsi
1020 1234 1230 1281 vidimus
1263 1243 1546 1299 postquam,
1582 1234 1742 1298 ejectis
1781 1233 1965 1299 Angfis,

537 1313 833 1360 Normannia
865 1312 955 1359 sub
989 1312 1147 1359 Caroli
1185 1312 1447 1369 ditionem,
1485 1311 1617 1359 velut
1638 1311 1936 1378 postliminio
1954 1350 1967 1374 ‚

534 1389 770 1454 redierat)
809 1405 910 1436 non
944 1388 1233 1437 sufficienter
1271 1398 1459 1436 constat
1489 1389 1644 1454 ipsam
1680 1389 1742 1436 de
1775 1389 1974 1454 alicujus

536 1468 729 1516 erronei
762 1466 1027 1531 dogmatis,
1062 1477 1232 1514 contra
1260 1468 1510 1515 veritatem
1543 1467 1775 1515 doctrinae
1805 1466 1975 1514 catho-

537 1546 663 1606 licae,
693 1546 952 1593 assertione
971 1545 1243 1592 convictam
1269 1545 1346 1592 vel
1376 1546 1426 1591 in
1458 1545 1565 1609 jure
1593 1544 1887 1607 confessam3
1917 1559 1974 1592 ac

538 1640 626 1689 per
646 1622 742 1670 hoc
765 1622 956 1669 haeresis
972 1633 1116 1686 atque
1133 1624 1347 1688 relapsus
1370 1623 1482 1670 satis
1499 1622 1746 1670 manifeste
1769 1623 1974 1671 defuisse

541 1700 927 1749 fundamentum.
951 1703 1242 1764 Quanquam
1264 1700 1425 1760 etiam,
1455 1709 1626 1766 praeter
1647 1699 1761 1762 hoc,
1786 1710 1975 1765 poterat

543 1795 795 1846 processus
808 1778 1085 1842 hujusmodi
1100 1795 1158 1825 ex
1170 1778 1331 1825 multis
1348 1778 1584 1844 capitibus
1601 1778 1737 1842 argui
1751 1779 1972 1842 vitiosus,

542 1873 708 1905 coram
737 1856 1018 1922 capitalibus
1053 1857 1258 1903 inimicis
1296 1873 1419 1922 saepe
1457 1873 1546 1921 per
1577 1873 1683 1904 eam
1715 1857 1971 1918 recusatis,

544 1936 779 1999 denegato
803 1934 893 1982 sibi
916 1936 1059 1982 etiam
1079 1936 1213 1982 omni
1229 1935 1453 1996 consilio,
1478 1953 1583 2000 quae
1602 1935 1801 2001 simplex
1818 1935 1976 2001 puella

547 2023 676 2074 erat,
714 2013 864 2060 factus
897 2023 946 2060 et
987 2013 1178 2062 habitus
1214 2033 1225 2059 ε
1263 2013 1678 2077 quemadmodum
1711 2012 1975 2061 ex-libello

549 2109 696 2158 quem
732 2091 960 2157 desuper,
1009 2092 1071 2139 ab
1106 2091 1279 2139 eodem
1313 2092 1486 2138 Carolo
1524 2092 1733 2157 expetito
1771 2108 1799 2140 a
1835 2091 1976 2139 nobis

549 2169 752 2219 consilio
766 2206 778 2230 ,
799 2169 1038 2216 edidimus
1054 2171 1083 2230 ²,
1109 2169 1147 2215 si
1169 2169 1213 2216 ei
1228 2168 1290 2216 ad
1313 2169 1447 2233 cujus
1468 2169 1650 2216 venerit
1671 2185 1842 2216 manus
1863 2185 1976 2217 eum

548 2249 706 2313 legere
728 2248 991 2308 vacaverit,
1019 2246 1158 2294 latius
1181 2247 1356 2312 poterit
1385 2262 1633 2312 apparere.
1663 2246 1815 2294 Pulsis
1845 2247 1976 2294 enim

552 2327 613 2375 de
630 2326 926 2374 Normannia
946 2325 1173 2389 Anglicis,
1197 2325 1327 2372 idem
1344 2324 1542 2371 Carolus
1559 2341 1647 2390 per
1664 2325 1825 2389 plures
1844 2325 1978 2390 regni

551 2405 624 2452 sui
649 2404 867 2470 praelatos
897 2413 944 2450 et
977 2402 1124 2450 divini
1158 2411 1300 2467 atque
1322 2403 1522 2450 humani
1553 2402 1673 2466 juris
1695 2402 1866 2450 doctos
1887 2402 1977 2450 ho-

552 2483 729 2544 mineS,
759 2482 1009 2546 diligenter
1042 2497 1318 2546 processum
1344 2481 1624 2546 praedictum
1648 2480 1908 2528 examinari
1931 2489 1978 2528 et

607 2649 645 2687 1.
675 2649 726 2686 Ce
747 2645 934 2685 memoire
953 2645 1073 2684 existe
1094 2659 1141 2685 en
1171 2645 1382 2684 manuscrit
1400 2644 1494 2684 dans
1513 2646 1549 2685 le
1568 2645 1648 2685 vol.
1673 2647 1776 2685 5970
1796 2645 1850 2684 du
1865 2643 1978 2685 fonds

552 2706 647 2746 latin
677 2720 753 2745 aux
781 2705 1009 2745 Manuscrits
1047 2706 1096 2744 de
1128 2706 1165 2743 la
1191 2704 1460 2756 Bibliotheque
1490 2705 1706 2758 imperiale,
1749 2713 1788 2744 et
1818 2703 1914 2744 dans
1941 2703 1978 2742 le

552 2773 595 2805 ιιο
614 2768 716 2804 1832
739 2764 787 2804 de
812 2766 908 2804 celle
930 2765 982 2803 du
1002 2765 1172 2803 Vatican.
1201 2768 1306 2803 Bous
1331 2778 1380 2803 en
1405 2779 1526 2804 avons
1544 2765 1723 2818 imprime
1742 2765 1779 2804 le
1802 2763 1921 2804 debut
1940 2770 1979 2802 et

551 2826 607 2865 les
624 2825 867 2866 conclusions
883 2825 978 2864 dans
992 2825 1027 2863 le
1046 2828 1117 2863 ΙΙΙ13
1140 2825 1311 2873 volume,
1334 2839 1373 2877 p.
1395 2828 1485 2873 309,
1502 2825 1570 2864 des
1584 2826 1720 2865 Procds
1733 2826 1780 2863 de
1798 2825 1976 2863 condam-

552 2891 682 2923 naeion
702 2895 739 2924 et
752 2888 801 2923 de
820 2885 1101 2923 re'lzabilitation
1124 2887 1171 2922 de
1185 2887 1331 2923 lemme
1351 2889 1388 2923 la
1406 2888 1572 2925 Pucelle.

1987 0 2086 305 l

2072 323 2086 361 Ξ
