2086 3528
802 341 951 395 mmm
983 357 1211 405 Qumms.
1643 359 1720 397 303

730 528 1072 576 CAPITULUM
1105 530 1270 576 XVIII.

320 653 430 700 Quod
449 653 601 702 dejectio
616 653 760 691 Henrici
775 662 808 688 et
821 653 1005 701 provectio
1025 652 1206 699 Edoardi,
1222 662 1392 700 quantum
1410 664 1507 702 grata
1526 654 1592 693 fuit
1612 654 1698 690 duci
1716 679 1721 684 -

351 717 353 719 ’
462 714 690 763 Burgundiae,
703 722 842 749 tantum
863 715 1008 758 Carolo,
1026 714 1101 762 regi
1119 715 1355 762 Francorum,
1376 716 1554 751 luctuosa.

346 830 490 889 ‚Quin
514 839 673 878 autem
695 830 959 895 plurimum
982 829 1142 893 gaudii
1162 829 1425 894 laetitiaeque
1447 839 1494 877 et
1514 830 1719 894 gratula-

296 908 439 961 tionis
471 924 527 956 ea
567 907 759 954 Henrici
797 906 1000 970 dejectio
1038 906 1150 954 duci
1186 907 1612 972 Burgundionum,
1641 909 1719 956 cui

243 1043 246 1046 ⁴
295 985 435 1046 valde
458 984 609 1035 fausta
625 985 853 1048 contigit,
871 984 1041 1033 afferre
1063 985 1276 1050 potuerit
1298 985 1407 1050 (qui
1425 1002 1595 1033 eorum
1614 1003 1718 1050 quae

294 1072 464 1113 contra
480 1079 529 1109 se
542 1061 898 1128 apparabantur
912 1063 1102 1125 ignarus
1120 1062 1315 1111 minime
1332 1062 1622 1127 exsistebat),
1639 1081 1721 1111 ne-

295 1142 414 1190 mini
439 1141 654 1206 profecto
676 1139 954 1204 ambiguum
977 1157 1078 1187 esse
1108 1139 1280 1201 debet3
1307 1141 1393 1188 sed
1424 1158 1522 1192 non
1560 1143 1718 1189 minus

293 1218 449 1267 luctus
485 1228 628 1283 atque
669 1218 900 1266 moestitiae
929 1218 1102 1266 Carolo
1118 1255 1130 1278 ‚
1170 1222 1464 1267 Francorum
1498 1221 1622 1284 regi,
1663 1238 1717 1268 ea

293 1297 514 1356 Henrici,
542 1296 732 1362 nepotis
758 1296 831 1343 sui
852 1333 865 1356 ‚
901 1305 948 1342 et
971 1295 1188 1360 conjugis
1216 1313 1333 1356 suae‚
1366 1297 1524 1363 neptis
1552 1297 1718 1345 itidem

292 1392 404 1437 suae,
419 1374 661 1425 calamitas
673 1390 730 1422 ac
746 1373 949 1437 dejectio
966 1374 1262 1442 ingerebant.
1281 1375 1369 1422 Cui
1385 1376 1528 1423 etiam
1542 1376 1716 1423 Cat-olo

291 1453 392 1517 regi
429 1452 656 1500 adversus
696 1451 924 1499 eumdem
958 1451 1132 1502 ducem
1175 1452 1575 1516 Burgundionum
1615 1470 1717 1501 am-

290 1530 415 1596 plius
438 1547 497 1585 ex
519 1530 615 1578 hoc
637 1529 967 1580 inardescebat
991 1529 1185 1592 odium,
1212 1530 1345 1595 quod
1367 1531 1517 1596 ipsius
1539 1531 1716 1580 auxilio

291 1617 339 1656 et
361 1606 523 1665 favore
543 1616 728 1658 erectus
749 1616 872 1655 esset
904 1606 1181 1668 Edoardus3
1208 1607 1470 1672 pulsusque
1494 1625 1642 1673 regno
1670 1620 1717 1657 et

291 1685 503 1750 dejectus
526 1684 760 1737 Henricus
777 1722 789 1746 ,
815 1701 968 1751 nepos
992 1701 1132 1744 suus;
1157 1695 1205 1732 et
1226 1685 1359 1749 quod
1384 1685 1678 1751 Delphinum
1698 1723 1711 1746 ,

289 1762 392 1827 ejus
414 1761 565 1810 filium
579 1799 592 1822 ‚
618 1770 786 1810 contra
808 1778 948 1814 suum
971 1761 1200 1827 placitum
1220 1763 1506 1828 suscepisset
1528 1773 1575 1810 et
1598 1780 1715 1810 con-

290 1834 487 1894 fdsseret.
515 1840 628 1904 Ejus
649 1856 850 1904 nempe,
877 1848 931 1887 ut
955 1839 1057 1903 jam
1079 1839 1286 1887 diximus
1306 1877 1317 1899 ,
1339 1841 1473 1906 pium
1499 1842 1714 1890 animum

288 1933 406 1982 erga
432 1933 483 1967 se
505 1917 752 1980 cognitum
781 1916 882 1980 jam
914 1916 1030 1963 olim
1054 1927 1455 1982 compertumque
1484 1918 1710 1967 habebat.

188 2031 201 2058 ‚
239 2002 242 2005 ’
289 1989 429 2064 Unde
450 1994 579 2051 idem
616 1995 815 2045 Carolus
837 2011 948 2055 rex,
987 1995 1183 2058 cognito
1206 1995 1339 2061 quod
1365 1996 1494 2044 idem
1519 1996 1643 2045 filius
1665 1999 1713 2044 in

207 2126 213 2129 ,
252 2117 269 2125 ,.
287 2072 438 2142 dumo
461 2073 747 2137 Burgundiae
781 2072 893 2121 cum
915 2083 1051 2121 tanto
1073 2073 1261 2121 honore
1283 2085 1509 2141 exceptus
1537 2085 1584 2123 et
1617 2087 1714 2124 tam
1789 2138 1792 2141 Α

287 2150 540 2218 magnifice
559 2151 827 2203 honoratus
850 2153 973 2200 foret
993 2189 1004 2213 ‚
1036 2153 1086 2200 in
1111 2152 1325 2202 finitimis
1348 2163 1583 2210 terrarum
1609 2172 1714 2202 sua-

276 2229 690 2278 'rumcivitatibus
712 2239 759 2276 et
781 2230 998 2295 oppidis,
1026 2230 1205 2295 ubique
1222 2230 1356 2294 juxta
1379 2230 1499 2279 fines
1522 2243 1562 2279 et
1589 2232 1713 2279 limi-

186 2295 189 2298 Α
232 2320 234 2325 ·
287 2317 358 2374 tes
378 2317 616 2357 terrarum
644 2308 928 2372 Burgundiae
963 2307 1127 2368 ducis,
1154 2309 1450 2360 munitiones
1481 2310 1711 2358 militum-

288 2402 383 2452 ψῃ
419 2402 617 2440 suorum
654 2386 875 2451 praesidia
908 2385 1189 2448 collocavit,
1231 2388 1490 2436 ostendens
1521 2389 1712 2452 qualem

288 2465 356 2525 de«
371 2463 599 2531 praedicto
621 2463 718 2511 filio
741 2481 829 2512 suo
854 2473 998 2529 atque
1021 2465 1443 2528 Burgundionibus
1464 2465 1712 2514 confiden-

230 2551 234 2554 '
288 2544 401 2590 tiam
426 2551 624 2606 gereret.

352 2620 447 2668 Sed
475 2636 502 2667 e
532 2619 721 2668 diverso
747 2619 848 2685 ipse
872 2620 1270 2684 Burgundionum
1298 2621 1394 2669 dux
1432 2621 1707 2688 Philippus,

287 2701 359 2746 vir
381 2696 594 2764 prudens
624 2708 672 2746 et
705 2699 1040 2762 magnanimus
1057 2737 1069 2761 ,
1095 2699 1206 2748 licet
1242 2717 1270 2748 a
1295 2700 1478 2762 multis,
1508 2710 1560 2747 ut
1582 2699 1711 2748 idem

289 2773 462 2826 faceret
482 2777 538 2829 in
555 2777 652 2825 suis
674 2776 948 2829 civitatibus
971 2787 1018 2825 et
1039 2778 1248 2843 oppidis,
1269 2778 1463 2827 daretur
1484 2778 1572 2830 sibi
1593 2797 1710 2828 con·

288 2857 471 2916 silium,
509 2855 559 2904 id
596 2855 749 2903 facere
782 2855 980 2903 minime
1015 2857 1230 2916 curavit3
1270 2856 1509 2921 sapienter
1545 2858 1710 2922 utique
