2086 3528
509 386 533 422 2
1084 383 1357 421 PRIEFATIO.

508 466 784 532 hujusmodi
807 482 974 515 causas
1008 466 1297 528 attollendo,
1324 467 1399 514 vel
1428 467 1648 531 nequiter
1682 476 1730 514 et
1761 465 1928 514 dolose

507 562 591 592 seu
630 544 863 608 ignaviter
894 554 999 592 acta
1031 544 1220 591 silentio
1254 544 1587 611 praetereundo
1618 553 1702 591 aut
1741 543 1929 591 nebulis

507 616 822 669 confictarum
839 632 886 669 et
899 621 1243 670 mendosarum
1259 623 1620 669 excusationum
1634 609 1924 685 obtegendo,

505 700 754 747 veritatem
785 699 991 747 historiae
1025 710 1074 747 et
1106 698 1276 747 debitae
1299 700 1665 765 conscriptionis
1699 715 1928 764 corrupe-

506 787 644 838 runt;
671 794 733 824 ne
757 794 785 825 a
812 777 985 826 talibus
1008 777 1143 826 vanis
1166 787 1213 824 et
1238 777 1478 824 mendosis
1499 777 1675 842 scripta
1699 776 1928 824 adulato-

504 853 638 902 ribus
657 891 670 916 ,
710 872 920 920 quorum
961 854 1183 903 nonnulli
1217 855 1377 902 forsan
1416 854 1477 902 ad
1513 871 1588 901 res
1623 853 1924 914 scribendas,

502 949 710 998 quarum
730 935 979 982 veritatem
1000 933 1214 982 habuere
1237 933 1327 1000 ipsi
1351 944 1648 999 compertam
1662 970 1674 994 ,
1704 949 1806 981 sese
1839 932 1928 981 de-

502 1011 703 1073 derunt,
732 1012 968 1076 legentes,
1010 1012 1125 1060 falsa
1160 1029 1250 1078 pro
1276 1012 1399 1060 veris
1436 1010 1799 1077 amplectendO,
1835 1011 1928 1073 cir-

500 1090 766 1137 cumveniri
809 1107 864 1137 ac
907 1089 1065 1155 decipi
1095 1091 1145 1136 in
1182 1099 1431 1155 posterum
1471 1089 1749 1153 contingat,
1784 1087 1927 1136 nobis

499 1167 663 1214 animo
700 1168 856 1215 visum
894 1179 963 1216 est
1000 1168 1211 1216 duorum
1235 1172 1528 1216 Francorum
1563 1184 1731 1232 regum
1773 1169 1928 1216 nostri

498 1245 667 1292 aevi‘ac
702 1246 933 1311 temporis
956 1262 1030 1293 res
1053 1256 1235 1310 gestas,
1262 1262 1380 1310 quas
1404 1261 1578 1309 magna
1609 1261 1666 1292 ex
1694 1254 1830 1310 parte
1849 1246 1928 1293 vel

500 1322 586 1387 ipsi
610 1323 837 1386 vidimus,
863 1324 940 1371 vel
972 1324 1145 1372 talibus
1169 1325 1413 1372 consecuti
1436 1340 1602 1371 sumus
1624 1322 1922 1386 auctoribus,

497 1400 558 1448 de
581 1417 790 1465 quorum
814 1401 910 1449 fide
944 1403 1142 1450 minime
1165 1402 1290 1450 foret
1322 1401 1687 1466 ambigendum,
1726 1399 1893 1448 litteris
1910 1436 1923 1461 ,

496 1478 554 1526 ad
574 1488 879 1544 posterorum
899 1480 1150 1528 utilitatem
1167 1490 1214 1527 et
1229 1480 1487 1539 cautelam,
1508 1479 1713 1544 dirigere
1730 1487 1778 1526 et
1792 1494 1928 1526 man-

497 1555 628 1603 dare.
658 1556 735 1603 Sic
766 1557 895 1604 enim
913 1595 925 1619 ,
965 1560 1069 1604 Deo
1102 1557 1348 1622 adjutore,
1386 1573 1634 1622 speramus
1667 1573 1727 1604 ex
1758 1565 1926 1604 nostro

498 1633 687 1680 litterali
709 1634 810 1680 otio
840 1635 1063 1681 nonnihil
1084 1634 1355 1698 legentibus
1378 1644 1424 1681 et
1452 1633 1808 1682 attendentibus
1832 1635 1928 1681 uti-

496 1710 662 1770 litatis,
689 1710 823 1774 quod
846 1728 948 1758 non
978 1711 1152 1776 injuste
1175 1711 1438 1777 plurimum
1462 1711 1722 1775 negotiosis
1750 1709 1928 1759 labori-

499 1787 589 1834 bus
609 1787 819 1835 conferri
841 1788 916 1836 vel
938 1790 1081 1837 etiam
1103 1789 1307 1855 proferri
1327 1788 1503 1855 possit,
1529 1789 1757 1836 allaturos
1772 1824 1785 1850 ,
1811 1805 1927 1836 cum

498 1882 555 1912 ex
575 1865 650 1912 his
682 1865 868 1931 liquido
904 1868 1165 1932 unicuique
1199 1878 1362 1933 patere
1404 1867 1556 1933 possit
1587 1883 1734 1932 quam
1777 1866 1928 1933 fragili

501 1945 608 1991 loco
629 1944 897 1991 constitutae
921 1945 1016 1995 sint
1042 1962 1117 1992 res
1149 1945 1398 2007 humanae,
1425 1955 1472 1991 et
1493 1962 1657 2010 quam,
1679 1946 1730 1992 in
1754 1945 1926 1994 iisdem

497 2039 633 2088 spem
651 2029 912 2087 ponentes,
936 2040 986 2071 se
1005 2023 1196 2071 delusos
1216 2033 1262 2070 et
1280 2039 1364 2088 spe
1382 2039 1506 2070 vana
1525 2019 1770 2071 frustratos
1793 2023 1928 2071 facile

498 2100 760 2147 inveniant.
800 2103 917 2158 Quae
954 2119 1057 2163 res,
1097 2102 1135 2149 si
1168 2101 1285 2166 quid
1328 2101 1518 2166 sapiunt
1556 2100 1805 2165 homines,
1843 2119 1926 2151 eos

497 2177 712 2243 profecto
736 2178 911 2226 ducere
930 2179 1076 2227 debet
1089 2179 1150 2227 ad
1181 2195 1316 2244 spem
1346 2189 1393 2226 et
1411 2179 1719 2227 dilectionem
1748 2180 1797 2227 in
1821 2181 1926 2228 solo

501 2273 640 2318 vero,
679 2274 870 2305 summo
900 2269 947 2306 et
968 2268 1145 2307 aeterno
1173 2258 1309 2305 bono
1334 2257 1573 2323 figendam
1603 2267 1650 2305 et
1679 2275 1926 2324 reponen-

498 2334 629 2383 dam.

565 2412 750 2470 Quibus
772 2413 839 2460 sic
858 2412 1127 2477 praemissis,
1142 2421 1409 2478 susceptam
1424 2412 1749 2461 narrationem
1758 2429 1925 2478 aggre-

498 2490 702 2538 dicmur.
