2086 3528
1922 0 2086 129 Ἳ

530 390 579 427 34
912 362 1256 429 ffls‘ror'uARUM
1283 389 1463 427 CAnom
1490 390 1560 427 vn

527 471 828 519 conditiones
855 470 916 518 ab
939 471 1202 535 Anglorum
1224 488 1334 536 rege
1351 474 1615 537 accepisse,
1646 483 1693 520 et
1711 475 1940 523 maximas

527 549 833 607 calamitates,
853 564 972 612 quas
991 565 1130 612 passa
1143 548 1246 608 fuit,
1267 550 1480 597 evitasse.

593 626 739 689 Igitur
769 625 831 672 ad
865 625 1113 686 ultimum,
1150 642 1314 673 mense
1338 626 1608 674 'obsidionis
1640 638 1794 688 sexto,
1831 645 1942 676 cum

526 702 620 749 loci
661 702 829 749 incolae
862 702 1104 765 angustias
1120 738 1132 762 ,
1170 701 1344 766 quibus
1378 703 1709 752 miserabiliter
1754 722 1943 770 preme-

524 779 718 840 bantur,
745 779 868 826 ultra
888 779 1010 826 ferre
1041 795 1140 825 non
1172 789 1394 844 possent3
1427 781 1640 845 quotidie
1672 799 1943 832 excrescere

525 858 727 904 nimium
744 866 791 904 et
811 857 990 920 augeri,
1013 856 1137 903 fame
1157 866 1203 903 et
1225 857 1366 904 variis
1388 858 1673 907 morborum
1696 860 1942 924 languori-

522 932 629 992 bus,
656 933 980 980 deficientium
1003 942 1050 980 et
1074 933 1383 980 morientium
1406 951 1662 983 numerum
1689 937 1942 1003 inspicien-

524 1020 618 1071 tes,
650 1010 781 1058 hisce
803 1011 940 1058 malis
967 1027 1050 1057 eos
1067 1011 1458 1075 perurgentibus,
1483 1013 1544 1061 de
1566 1013 1811 1063 deditione
1832 1032 1940 1064 ver-

523 1088 644 1135 bum
675 1088 905 1136 fecerunt.
946 1091 1101 1146 Quam
1135 1105 1236 1135 non
1260 1105 1349 1136 suo
1381 1091 1577 1154 quidem
1600 1092 1820 1156 arbitrio,
1857 1094 1943 1142 sed

523 1167 715 1214 victoris
735 1166 918 1231 legibus
936 1166 1214 1227 effecerunt,
1241 1168 1325 1231 qui
1346 1169 1504 1233 primo
1527 1179 1581 1216 ut
1612 1187 1662 1218 se
1685 1172 1746 1219 ad
1767 1172 1940 1220 volun·

522 1253 668 1291 tatem
698 1260 834 1292 suam
875 1244 1105 1292 dederent
1134 1245 1436 1309 requisivit¹;
1473 1248 1558 1295 sed
1595 1248 1943 1299 interventione

523 1321 658 1369 ducis
692 1322 939 1370 Clarentiae
981 1332 1029 1370 et
1058 1322 1262 1370 aliorum
1294 1325 1640 1373 nonnullorum
1670 1328 1942 1395 principum

523 1401 595 1448 sui
623 1401 881 1464 sanguinis,
909 1401 1073 1461 flexus,
1099 1401 1256 1449 salvos
1275 1403 1402 1450 cives
1424 1413 1471 1450 et
1493 1404 1541 1451 in
1565 1403 1706 1453 bonis
1728 1407 1824 1454 suis
1842 1423 1942 1455 ma—

524 1495 637 1526 nere
670 1480 903 1526 concessit
935 1480 1215 1545 (perpaucis
1247 1480 1308 1528 ad
1346 1497 1481 1528 suam
1508 1482 1682 1530 relictis
1721 1483 1943 1532 volunta·

522 1556 677 1620 tem¹),
706 1557 958 1604 mulctatos
982 1567 1142 1604 tamen
1163 1559 1294 1621 gravi
1317 1560 1420 1605 auri
1442 1560 1687 1624 pondere,
1714 1561 1848 1626 quod
1879 1561 1942 1610 ad

523 1633 731 1681 ducenta
762 1633 907 1681 millia
934 1644 1179 1681 scutorum
1213 1645 1429 1683 veterum
1458 1645 1506 1683 et
1541 1637 1745 1703 amplius
1781 1635 1944 1687 ascen-

522 1712 637 1761 dere
647 1712 940 1774 dicebatur³3
961 1723 1129 1778 praeter
1144 1713 1345 1761 donaria
1359 1714 1636 1775 honoraria,
1654 1716 1829 1781 quibus
1842 1733 1941 1765 non

521 1806 671 1855 parvo
689 1790 995 1851 aestimandis,
1021 1791 1402 1839 interventorum
1421 1809 1511 1858 pro
1534 1810 1585 1840 se
1603 1803 1745 1858 atque
1767 1794 1945 1843 media-

522 1879 683 1916 torum
708 1870 920 1917 favorem
949 1879 997 1917 et
1026 1870 1222 1932 gratiam
1255 1871 1502 1918 conciliari
1536 1871 1604 1919 eis
1626 1889 1817 1921 necesse
1841 1873 1941 1921 fue-

523 1956 616 2008 rat,
643 1947 712 1993 uti
731 1947 779 1993 in
797 1946 940 1994 rebus
959 1946 1131 1995 talibus
1150 1964 1273 2013 saepe
1293 1946 1395 1996 fieri
1420 1949 1610 1997 assolet.

577 2097 616 2134 1.
647 2097 702 2133 Le
719 2097 768 2134 16
783 2095 937 2144 janvier
955 2098 1072 2137 1419.

579 2156 616 2192 2,
648 2155 757 2193 Trois
783 2156 997 2195 seulement
1015 2172 1023 2194 ι
1042 2155 1188 2195 Robert
1210 2156 1258 2195 de
1286 2157 1411 2205 Livet,
1433 2157 1576 2197 vicaire
1595 2158 1751 2211 general
1772 2158 1822 2199 de
1843 2159 1941 2200 l’ar-

524 2213 748 2266 elieveque3
772 2219 869 2254 Jean
884 2216 1072 2256 Jourdain
1088 2247 1098 2264 ‚
1125 2216 1217 2255 chef
1239 2216 1286 2255 de
1302 2217 1526 2264 l'artillerie,
1547 2227 1585 2256 et
1602 2217 1716 2256 Alain
1738 2219 1942 2260 Blanchart

531 2291 549 2307 u
563 2275 629 2324 qui
642 2275 754 2313 estoit
766 2276 955 2328 capitaine
969 2276 1020 2314 du
1034 2289 1150 2314 menu
1159 2290 1354 2315 commun.
1371 2294 1389 2310 n
1403 2277 1638 2328 Monstrelet,
1656 2277 1683 2316 l.
1695 2280 1729 2327 1,
1749 2277 1811 2317 ch.
1835 2292 1937 2317 cm.

583 2335 621 2372 3.
649 2350 666 2367 «ι
694 2334 803 2372 Trois
827 2344 915 2373 cent
945 2335 1249 2387 soixante-cinq
1274 2336 1379 2375 mille
1415 2350 1525 2375 escus
1549 2337 1635 2376 d'or
1667 2337 1719 2376 du
1749 2337 1864 2391 coing
1892 2338 1941 2379 de

529 2393 691 2442 France,
721 2411 738 2427 ι»
761 2394 869 2432 selon
888 2395 1126 2444 Monstrelet,
1147 2395 1214 2435 liv.
1238 2398 1271 2444 Ι,
1288 2396 1351 2435 ch.
1368 2410 1470 2436 ccxx.
