2086 3528
700 339 847 376 LIBER
873 339 1091 377 TERTIUS.
1525 341 1602 380 125

188 422 375 488 miger-is
398 422 603 475 Franciae
624 431 940 470 servarentur.
969 426 1115 471 Erant
1135 423 1314 490 quippe
1335 424 1438 472 sine
1470 435 1601 473 certo

188 517 388 550 numero
405 510 452 548 et
473 501 573 547 sine
593 499 830 565 stipendio
856 500 1032 566 ubique
1054 511 1275 566 vagantes
1294 519 1380 568 per
1403 519 1603 568 regnum

187 587 481 628 armatorum
516 587 708 639 turmae,
744 579 827 643 qui
853 579 918 626 ob
941 580 1256 627 immanitates
1292 580 1523 628 scelerum
1557 592 1605 630 et

187 655 507 713 crudelitates,
535 670 654 720 quas
682 656 730 702 in
755 666 948 704 suaemet
969 657 1130 721 patriae
1153 667 1200 704 et
1221 658 1425 706 nationis
1449 676 1604 724 popu-

186 734 258 782 los
289 733 593 795 exercebant,
622 732 801 797 absque
826 734 923 782 ulla
953 735 1256 782 miseratione
1280 735 1497 784 laniones
1520 754 1603 785 seu

185 814 512 860 scorticatores
524 814 536 837 ¹
547 848 559 872 ‚
577 811 711 875 juxta
723 811 851 875 vulgi
867 813 1161 860 locutionem
1173 850 1185 874 ,
1205 812 1571 878 appellabantur
1586 835 1599 876 3

190 889 352 938 omnia
373 890 503 938 enim
525 906 687 937 revera
712 889 1032 951 dilaniabant,
1062 891 1321 939 domorum
1345 902 1465 939 tecta
1489 909 1604 940 con-

188 969 414 1018 vellentes
437 985 521 1016 seu
542 968 766 1030 fustibus,
790 978 1018 1033 tanquam
1043 969 1256 1034 flagellis,
1282 979 1599 1018 conterentes.

190 1047 362 1095 Excisis
377 1047 505 1095 enim
522 1046 779 1094 domorum
801 1046 1017 1112 postibus
1033 1063 1116 1094 seu
1135 1046 1370 1095 columnis
1387 1085 1399 1108 ,
1419 1058 1489 1107 et,
1514 1049 1604 1096 nisi

189 1141 277 1191 pro
309 1141 478 1172 eorum
499 1124 744 1172 voluntate
775 1141 803 1171 a
839 1124 1282 1188 dominisquorum
1302 1126 1427 1188 juris
1450 1136 1607 1173 essent

189 1202 552 1262 redimerentur,
579 1218 657 1249 eas
677 1202 738 1249 ad
760 1201 915 1248 solum
933 1202 1209 1263 diruebant,
1236 1203 1369 1249 omni
1393 1202 1609 1251 substan-

189 1281 253 1330 tia
275 1297 509 1346 pauperes
543 1290 686 1345 atque
719 1280 984 1346 supplices,
1010 1282 1093 1344 qui
1125 1297 1176 1328 se
1208 1281 1351 1328 armis
1385 1280 1609 1329 adversus

189 1375 359 1405 eorum
379 1358 603 1406 saevitiam
627 1359 747 1406 tueri
766 1358 962 1405 minime
981 1359 1277 1423 potuissent,
1303 1358 1538 1406 nudantes
1564 1370 1610 1406 et

190 1437 334 1484 veluti
355 1436 479 1502 pelle
513 1438 713 1483 omnino
737 1436 1022 1501 spoliantes:
1049 1446 1248 1501 propter
1266 1436 1399 1500 quod
1418 1453 1610 1502 prome-

189 1524 389 1561 ruerunt
415 1513 651 1560 famosum
671 1512 788 1560 illud
817 1514 1191 1560 Scorticatorum
1222 1530 1305 1560 seu
1335 1514 1612 1560 Excoriato²

191 1606 323 1652 rum,
349 1589 424 1637 vel
445 1590 733 1649 lanionum.
749 1606 932 1636 nomen
954 1605 1009 1636 ac
1032 1589 1238 1636 titulum.

647 1770 986 1816 CAPITULUM
1024 1771 1145 1816 V111.

224 1894 277 1928 De
295 1891 482 1927 obsidione
496 1890 611 1939 posita
627 1890 677 1937 ad
688 1889 864 1938 oppidum
878 1890 1005 1925 Calesii
1020 1903 1086 1939 per
1102 1889 1231 1925 ducem
1247 1890 1462 1939 Burgundiae
1488 1904 1569 1927 cum

517 1951 588 1986 suis
602 1950 792 1998 Flamingis
805 1977 813 1993 ,
833 1958 867 1984 et
882 1949 1066 1996 quomodo
1082 1951 1194 1986 levata
1210 1950 1290 1985 fuit.

259 2064 718 2113 Praetermittendum
745 2073 907 2111 autem
934 2064 984 2110 in
1019 2063 1163 2127 hujus
1192 2065 1476 2112 narrationis
1506 2081 1617 2112 nos-

194 2154 275 2192 trae
311 2144 430 2192 serie
468 2160 554 2190 seu
591 2142 776 2190 silentio
812 2142 1196 2207 praetereundum
1235 2143 1431 2190 minime
1462 2144 1617 2191 visum

250 2311 269 2347 1
281 2337 290 2347 .
311 2311 384 2347 Les
391 2299 645 2354 Ecorcheurs‚
654 2305 901 2358 compagnies
913 2306 1089 2345 franches
1099 2306 1166 2358 qui
1178 2316 1416 2359 appar-urent
1430 2320 1479 2345 en
1497 2309 1515 2344 1
1524 2310 1618 2357 435,

197 2369 333 2408 s’etant
345 2367 508 2406 formees
528 2367 595 2406 des
607 2366 808 2419 garnisons
825 2365 874 2405 de
890 2366 927 2405 la
945 2367 1193 2419 champagne
1212 2366 1413 2406 licenciees
1428 2380 1479 2405 au
1498 2375 1620 2419 temps

197 2429 252 2467 du
280 2427 390 2466 traite
410 2428 582 2475 d’Arras,
607 2445 624 2462 α
645 2427 829 2478 lesquelz,
860 2426 916 2465 dit
934 2431 1031 2466 Jean
1057 2427 1247 2474 Chartie1·‚
1279 2427 1622 2480 endommagerent

199 2487 451 2541 grandement
468 2487 506 2525 le
523 2491 605 2539 pais
621 2503 632 2536 3
651 2496 690 2525 et
706 2490 773 2538 n'y
788 2487 893 2526 avoit
911 2487 1086 2526 hommes
1105 2488 1265 2526 femmes
1286 2496 1324 2527 et
1353 2489 1487 2526 enfans
1505 2487 1621 2538 qu'ilz

199 2561 249 2586 ne
268 2547 558 2599 despoillassent
572 2547 732 2599 jusques
752 2550 775 2586 a
791 2548 829 2586 la
847 2548 1030 2595 chemise,
1043 2549 1139 2587 mais
1151 2548 1268 2600 qu’ilz
1290 2549 1346 2587 les
1368 2556 1524 2600 pussent
1536 2561 1622 2585 ren-

199 2615 354 2645 contrer
373 2609 394 2644 a
408 2607 493 2645 leur
510 2606 745 2660 advantage3
766 2616 805 2646 et
819 2617 938 2659 quant
960 2608 1009 2646 ilz
1028 2609 1184 2647 avoient
1201 2617 1284 2647 tout
1300 2609 1421 2660 piniti,
1443 2608 1492 2645 ilz
1512 2620 1624 2645 raen-

200 2666 404 2718 ‹gonnaient
425 2666 481 2705 les
499 2666 688 2719 villaiges.
722 2671 769 2705 Et
794 2668 955 2706 estoient
973 2669 1076 2707 leurs
1095 2669 1332 2721 cappitaines
1363 2682 1444 2721 ung
1470 2667 1626 2705 nomme

201 2725 427 2765 Chabannes
445 2734 484 2764 et
500 2725 603 2764 deux
621 2726 792 2765 bastards
812 2727 861 2765 de
878 2727 1060 2766 Bourbon
1077 2745 1087 2776 3
1109 2736 1147 2766 et
1165 2727 1220 2766 les
1236 2727 1495 2765 nommoit-on
1514 2738 1624 2763 com-

204 2785 427 2824 munement
450 2788 501 2822 les
519 2788 777 2826 Escorckeurs.
803 2803 820 2820 υ
850 2790 954 2825 Dans
978 2787 1189 2838 Godefroy,
1210 2801 1250 2838 p.
1274 2788 1339 2825 86.
1362 2786 1455 2824 Voin·
1472 2785 1574 2824 aussi
1590 2785 1627 2827 le

145 2847 149 2851 ”
203 2849 366 2884 Journal
380 2845 471 2882 d’un
490 2845 676 2897 bourgeois
688 2848 735 2883 de
756 2849 884 2894 Paris,
911 2849 932 2885 ὲ
951 2847 1028 2885 l’an
1051 2849 1172 2885 1439.
