2086 3528
513 377 564 415 98
896 369 1239 411 HISTORIARUM
1267 373 1447 411 CAROLI
1474 375 1543 410 VII

513 451 619 506 sim'i
652 456 841 504 foederis
873 455 1006 519 quod
1042 463 1153 501 cum
1186 465 1295 519 rege
1327 456 1587 520 Anglorum·
1623 455 1923 521 possederat,

514 536 711 584 minime
735 543 915 599 posset,
944 532 1033 579 nisi
1066 534 1207 580 etiam
1239 544 1298 581 eo
1321 542 1548 581 contento
1572 542 1618 580 et
1640 538 1837 599 pacato,
1863 530 1926 582 ad

514 612 666 661 foedus
689 624 800 659 cum
821 623 931 675 rege
952 613 1244 658 Francorum
1269 611 1532 659 ineundum
1555 611 1928 677 perficiendum-

515 703 609 756 que
638 689 889 755 pervenire
906 726 918 750 ,
946 687 1157 735 studium
1191 697 1418 751 magnum
1443 695 1492 736 et
1512 698 1742 736 conatum
1769 688 1926 736 &mni-

514 768 662 815 modo
678 766 976 826 intendit-ut,
1002 780 1102 811 non
1126 764 1277 811 modo
1302 765 1425 813 inter
1445 776 1607 831 regem
1635 768 1927 814 Francorum

512 856 560 893 et
582 862 632 892 se
645 881 657 904 ,
677 843 762 891 sed
777 843 920 891 etiam
942 843 1065 889 inter
1084 841 1252 888 ambos
1273 855 1406 906 reges
1427 857 1482 891 ac
1500 852 1663 909 regna,
1685 843 1926 892 destructo

514 941 569 972 ac
592 923 752 970 diruto
775 922 1043 968 inveteratae
1068 920 1326 966 inimicitiae
1351 922 1552 985 pariete,
1580 933 1671 987 pax
1700 921 1927 971 concilia-

512 1010 668 1060 retum
688 1011 787 1062 quo
810 997 970 1044 medio
991 997 1133 1043 etiam
1154 1007 1240 1043 sua
1264 997 1531 1046 firmaretur
1549 1003 1597 1046 et
1618 999 1921 1048 stabiliretur.

515 1077 651 1125 Unde
664 1075 875 1142 plurium
888 1075 1116 1121 decursus
1128 1073 1373 1122 dierumin‘
1387 1075 1664 1138 hujusmodi
1672 1078 1928 1135 conamine

512 1155 711 1203 detritus
746 1163 838 1214 est,
862 1153 1020 1216 Anglis
1048 1162 1120 1199 tot
1148 1162 1194 1199 et
1222 1162 1352 1200 tanta
1382 1153 1442 1200 de
1467 1163 1616 1218 regno
1637 1157 1927 1204 Francorum

512 1230 862 1296 requirentibus
878 1231 927 1277 in
952 1230 1145 1294 suisque
1160 1223 1560 1294 postulationibus
1571 1239 1671 1278 tam
1693 1230 1927 1280 obstinate

511 1325 567 1357 ac
606 1309 838 1374 pertinaci
873 1308 1036 1354 animo
1074 1306 1439 1370 inhaerentibus,
1466 1317 1521 1354 ut
1553 1302 1683 1373 pacis
1718 1308 1929 1357 remedia

510 1389 637 1436 inter
656 1398 788 1451 reges
809 1397 857 1434 et
875 1397 1021 1450 regna
1042 1396 1182 1451 posse
1209 1386 1411 1433 inveniri
1433 1386 1635 1433 omnino
1660 1385 1930 1453 desperare·

510 1476 604 1514 tur.
655 1466 799 1524 Quod
834 1467 1125 1532 perspiciens
1163 1467 1264 1532 ipse
1307 1467 1498 1514 illustris
1534 1467 1929 1531 Burgundionum

512 1545 633 1604 dux5
674 1554 719 1592 et
758 1545 889 1609 quod
925 1544 1097 1591 multas
1128 1544 1396 1592 oblationes
1429 1545 1568 1592 valde
1595 1545 1926 1608 rationabiles,

511 1622 748 1670 desiderio
788 1614 1101 1669 conciliandae
1136 1623 1265 1688 pacis
1308 1622 1488 1669 eisdem
1529 1622 1688 1687 Anglis
1727 1633 1754 1671 a
1797 1632 1931 1689 parte

511 1704 805 1748 Francorum
829 1700 996 1760 factas,
1017 1710 1213 1765 prorsus
1236 1701 1324 1766 ipsi
1347 1712 1710 1750 contemnerent
1730 1704 1778 1750 et
1798 1711 1931 1751 recu*

511 1788 691 1843 sarent,
719 1791 830 1830 cum
853 1793 999 1829 omne
1021 1781 1153 1846 quod
1186 1783 1235 1828 in
1268 1798 1318 1829 se
1350 1785 1450 1829 erat
1475 1782 1775 1831 inveniendae¹
1801 1778 1930 1849 pacis

513 1871 559 1908 et
582 1859 853 1909 concordiae·
874 1861 1080 1925 satisque
1103 1860 1169 1907 eis
1201 1860 1364 1908 fecisse
1393 1873 1421 1908 a
1453 1860 1637 1910 cunctis
1673 1860 1925 1924 diceretur,

511 1939 711 1988 consilio
750 1949 797 1986 et
836 1939 1112 1986 auctoritate
1149 1938 1390 1986 dictorum
1424 1935 1929 1988 reverendissimorum

513 2018 799 2082 legatorum,
828 2016 917 2064 sihi
933 2053 945 2076 ‚
973 2017 1108 2065 terris
1128 2031 1183 2064 ac
1206 2015 1408 2064 subditis
1426 2017 1520 2065 suis
1549 2017 1610 2064 de
1632 2014 1766 2065 bono
1797 2017 1928 2084 pacis

513 2109 624 2144 cum
659 2098 954 2142 Francorum
984 2109 1094 2157 rege
1130 2092 1385 2141 consuluit.
1421 2094 1552 2141 Tales
1587 2091 1718 2142 enim
1749 2097 1797 2142 et
1830 2099 1928 2143 tam

513 2173 738 2220 honestas
760 2172 850 2220 sibi
881 2173 1011 2238 pacis
1043 2170 1343 2219 conditiones
1365 2170 1493 2219 idem
1522 2172 1814 2220 Francorum
1845 2183 1927 2222 rex

515 2250 770 2310 offerebat,
805 2250 939 2314 quod
970 2266 1048 2297 eas
1083 2265 1322 2297 recusasse
1354 2266 1453 2296 non
1495 2247 1643 2297 modo
1671 2247 1924 2315 injustum,

513 2344 677 2375 verum
715 2327 858 2375 etiam
900 2326 1218 2375 inhumanum
1251 2344 1280 2375 a
1312 2326 1494 2374 cunctis
1536 2329 1707 2375 merito
1746 2329 1930 2376 censeri

513 2406 761 2472 potuisset.
791 2405 1070 2469 Priusquam
1099 2409 1255 2452 tamen
1276 2402 1371 2451 ulla
1391 2413 1532 2470 pacta
1549 2404 1784 2467 firmaret,
1811 2417 1926 2455 auc-

514 2485 701 2532 toritate
731 2482 1000 2548 apostolicae
1031 2482 1154 2529 sedis
1188 2489 1232 2530 et
1264 2482 1492 2546 generalis
1522 2483 1727 2531 ecclesiae
1757 2484 1929 2549 synodi

513 2570 701 2622 secum,
730 2577 815 2627 per
838 2560 989 2608 dictos
1011 2559 1428 2608 reverendissimos
1451 2570 1607 2626 patres
1630 2561 1810 2627 legatos
1831 2561 1927 2610 dis-

515 2650 765 2707 pensatum
778 2642 789 2664 ¹
806 2639 893 2687 fuit
906 2655 1048 2704 super
1062 2637 1150 2686 illis
1171 2638 1319 2704 pactis
1339 2648 1385 2685 et
1406 2639 1727 2697 sacramentis,
1751 2638 1927 2706 quihus

513 2716 773 2784 Anglo'rum
816 2717 915 2782 regi
966 2716 1220 2765 obstrictus
1269 2713 1613 2783 devinctusque
1655 2714 1922 2766 tenebatur.

567 2880 603 2915 1.
635 2876 765 2916 Plutct
782 2877 1019 2926 dispemaeus
1033 2906 1043 2925 ‚
1069 2875 1091 2913 ὲ
1107 2874 1231 2914 moins
1249 2887 1326 2926 que
1341 2879 1378 2913 ei
1394 2880 1444 2914 ne
1460 2875 1534 2914 soit
1550 2876 1574 2915 ὲ
1591 2873 1784 2928 ευρΡΙόετ.

1934 0 2082 173 ’Ἰ

2040 177 2069 219 ³³

2050 222 2069 246 ”a
