2086 3528
547 350 623 386 216
932 347 1271 385 HISTORIARUM
1297 347 1479 385 CAROLI
1505 349 1575 385 VII

551 447 698 478 manu
731 428 989 493 Anglorum
1023 439 1351 476 remanserunt
1375 466 1387 489 ,
1426 428 1711 495 oppidulum
1732 428 1957 476 videlicet

548 507 608 554 de
638 506 978 566 Honneflutu¹,
1020 507 1360 554 munitissimus
1397 517 1444 554 et
1479 507 1759 554 fortissimus
1792 506 1954 564 locus,

548 593 756 630 castrum
791 581 852 629 de
884 582 1026 629 Tolca
1045 584 1058 606 ²
1087 591 1135 629 et
1168 592 1375 630 castrum
1398 582 1460 632 de
1493 582 1777 631 Cambresiis
1794 584 1829 644 ³3
1855 596 1959 648 quae

548 660 691 707 etiam
706 659 1019 724 postmodum
1036 659 1287 708 obsidione
1304 669 1538 710 coarctata
1552 698 1565 722 ‚
1592 661 1642 708 in
1665 659 1960 708 deditionem

551 746 741 803 recepta
764 736 972 784 fuerunt.

614 817 736 862 Cum
771 825 930 862 autem
961 831 1128 862 omnes
1150 818 1442 862 Francorum
1463 815 1608 864 duces
1629 817 1869 864 civitatem
1890 814 1962 863 in-

550 892 694 956 gressi
718 891 915 940 fuissent
928 928 941 951 ‚
965 892 1186 940 videlicet
1206 891 1399 940 illustris
1421 893 1662 942 „lohannes
1682 910 1844 943 comes
1860 896 1961 941 Du-

548 970 735 1031 nensis,
761 987 923 1019 comes
937 971 998 1019 de
1012 975 1145 1035 Augo
1158 1008 1170 1030 ‚
1194 988 1355 1019 comes
1371 973 1707 1034 Sancti-Pauli,
1733 972 1962 1021 dominus

551 1050 611 1096 de
640 1051 916 1112 Gaucourffl,
947 1053 1158 1097 Potonus
1180 1049 1241 1097 de
1262 1050 1593 1111 Saintrez'llez,
1626 1049 1965 1099 mareschallus

549 1128 756 1175 Franciae
766 1129 796 1187 ⁵,
811 1138 856 1175 et
871 1127 987 1175 alter
997 1127 1334 1175 mareschallus
1351 1127 1575 1175 dominus
1584 1127 1645 1175 de
1653 1128 1960 1195 Jat‘llongne‘,

551 1204 777 1252 dominus
800 1207 965 1252 Petrus
988 1205 1049 1252 de
1072 1209 1270 1268 Bresey‚
1286 1221 1488 1268 magnus
1502 1205 1823 1254 seneschallus
1844 1209 1966 1255 Nor-

554 1284 759 1331 manniae
777 1285 808 1342 ⁷,
835 1283 1061 1330 dominus
1082 1283 1144 1331 de
1164 1284 1431 1339 Torciaco’,
1449 1283 1675 1331 dominus
1687 1284 1965 1350 praepositus

554 1361 867 1420 Parisiensis’,
894 1361 1038 1409 frater
1065 1361 1166 1426 ejus
1181 1399 1192 1420 ,
1223 1362 1337 1409 item
1360 1361 1617 1426 Floquetus
1637 1371 1685 1409 et
1705 1362 1784 1410 alii
1806 1361 1967 1427 plures

552 1438 731 1486 militiae
754 1438 925 1498 duces,
956 1455 1164 1504 quorum
1189 1440 1386 1488 nomina
1408 1457 1508 1487 non
1531 1450 1772 1499 tenemus,
1798 1449 1846 1487 et
1866 1439 1965 1504 jam

550 1515 666 1563 dicti
689 1516 908 1564 antistitis
931 1516 1285 1581 providentiam
1301 1526 1561 1583 spectatam
1579 1527 1968 1583 compertamque

548 1591 797 1655 haberent,
810 1593 960 1658 ipsius
973 1593 1226 1641 consilium
1239 1610 1384 1660 super
1400 1594 1622 1643 ulteriore
1632 1594 1968 1660 prosecutione

676 1768 880 1807 Honfleu1·‚

677 1830 731 1866 Le
750 1827 914 1867 chateau
930 1826 980 1866 de
996 1829 1189 1879 Touques.

639 1916 647 1925 .
679 1889 733 1926 Le
750 1886 913 1926 chateau
933 1886 982 1926 de
999 1886 1237 1928 Chambrois.

637 1977 646 1986 .
677 1947 803 1985 Raoul
826 1947 874 1987 de
897 1948 1108 1986 Gaucourt.

637 2008 801 2045 .Poton
827 2007 876 2046 de
904 2007 1153 2047 Xaintrailles
1183 2020 1208 2046 n
1211 2007 1315 2046 'etait
1337 2020 1477 2048 encore
1505 2021 1581 2060 que
1607 2007 1731 2062 grand
1755 2007 1897 2058 ecuyer
1916 2006 1971 2045 du

552 2065 613 2104 roi
629 2073 669 2104 ct
685 2064 793 2104 bailli
813 2066 862 2106 de
881 2067 1006 2106 Berri.
1020 2068 1059 2106 C'
1063 2075 1121 2106 est
1143 2066 1293 2107 Gilbert
1310 2067 1359 2106 de
1377 2071 1407 2109 Ι
1408 2070 1598 2120 aFayette
1613 2067 1680 2119 qui
1697 2066 1788 2106 etait
1803 2066 1973 2119 premier

555 2126 749 2165 marechal
769 2140 819 2166 en
838 2129 956 2166 1449.

609 2188 646 2224 6.
679 2185 857 2239 Philippe
877 2186 925 2226 de
943 2186 1102 2237 Culant‚
1123 2187 1304 2240 seigneur
1320 2185 1368 2226 de
1386 2187 1582 2240 Jalognes.

610 2245 647 2284 7.
678 2244 809 2285 Pierre
829 2246 878 2285 de
895 2247 1013 2286 Breze
1031 2246 1122 2285 etait
1138 2246 1315 2286 sc'nechal
1332 2247 1380 2286 de
1393 2247 1544 2286 Poitou.
1563 2246 1596 2285 Il
1614 2258 1665 2285 ne
1679 2245 1717 2285 le
1735 2245 1793 2284 fut
1807 2244 1856 2284 de
1874 2246 1974 2284 Nor-

557 2305 709 2344 mandie
728 2308 908 2358 qu’apres
929 2308 966 2346 la
984 2307 1213 2346 soumission
1235 2307 1284 2346 de
1301 2309 1455 2347 Rouen.

610 2368 648 2404 8.
679 2369 701 2404 J
704 2379 776 2404 ean
795 2366 1100 2415 d’Estouteville‚
1115 2366 1400 2418 grand-maine
1412 2367 1480 2406 des
1494 2365 1738 2406 arbaletriers
1752 2365 1801 2405 de
1812 2368 1972 2415 France,

558 2424 652 2463 dont
674 2424 821 2464 Robert
844 2426 1003 2466 Blondel
1024 2426 1090 2466 fait
1111 2426 1249 2479 l'eloge
1268 2440 1316 2465 en
1335 2440 1398 2466 ces
1423 2436 1589 2466 termes:
1616 2442 1632 2462 α
1650 2429 1790 2464 Potens
1815 2433 1853 2464 et
1878 2438 1975 2465 con-

556 2485 679 2524 sultus
702 2486 967 2539 propositique
995 2496 1110 2526 tenax
1124 2516 1134 2534 ‚
1159 2487 1274 2525 heros
1296 2490 1582 2532 Destouteville‚
1609 2484 1805 2539 generosis
1833 2493 1872 2524 et
1891 2497 1974 2524 ma-

558 2555 667 2585 terna
687 2555 788 2585 sorte
811 2546 1119 2598 locupletissimis
1141 2546 1293 2585 duobus
1316 2546 1398 2595 ejus
1421 2546 1551 2585 liberis
1569 2546 1803 2593 illustratus,
1825 2544 1975 2583 exerci-

557 2605 762 2644 tatissimos
783 2605 887 2645 bello
898 2635 909 2654 ,
928 2607 1123 2645 neminem
1141 2619 1257 2658 supra
1270 2635 1280 2653 ,
1305 2606 1585 2645 commilitones
1599 2634 1610 2654 ‚
1632 2604 1699 2656 qui
1725 2611 1780 2643 tot
1797 2602 1948 2643 labores
1961 2633 1974 2652 ,

562 2672 638 2713 tot,
669 2678 739 2717 per
763 2678 868 2704 mare
894 2673 933 2704 et
951 2673 1098 2713 terras,
1118 2665 1314 2717 pericula,
1337 2680 1408 2718 pro
1436 2665 1698 2704 sacratissimae
1721 2662 1828 2715 rupis
1849 2661 1976 2703 Sancti

562 2723 758 2763 Michaelis
792 2723 1108 2771 conservatione,
1138 2723 1322 2774 tulerunt,
1344 2738 1442 2763 cum
1469 2725 1669 2764 Britonum
1703 2721 1876 2762 exercitu
1904 2720 1974 2760 ad-

557 2783 702 2832 junxit.
722 2802 738 2817 2,
763 2787 931 2823 Assertio
945 2787 1202 2834 Normanm‘ae,
1217 2784 1244 2823 l.
1262 2787 1336 2832 111,
1353 2799 1387 2824 c.
1411 2800 1439 2824 1.

617 2845 655 2884 9.
687 2843 833 2884 Robert
852 2844 1156 2893 d'Estouteville,
1175 2845 1314 2896 prevot
1331 2847 1380 2885 de
1398 2846 1520 2885 Paris.

552 1770 646 2104 ”wau-ugo:—
