2086 3528
508 388 585 424 228
889 387 1231 427 HISTORIARUM
1258 390 1440 429 CAROLI
1467 391 1537 428 VII

575 470 735 517 Plures
754 470 895 517 etiam
920 488 978 517 ex
996 472 1146 536 portis
1167 473 1366 521 civitatis
1388 474 1514 521 cives
1529 512 1541 535 ,
1567 473 1749 538 absque
1767 471 1926 538 aliqua

505 565 641 595 mora
655 584 667 607 ‚
695 559 1052 613 occupaverunt
1070 568 1082 608 ;
1104 566 1190 615 per
1213 567 1330 615 quas
1349 568 1568 599 cursores
1587 551 1855 600 emittentes
1870 567 1927 600 ac

504 627 661 674 varios
697 626 892 673 nuntios
925 626 986 673 ad
1022 627 1248 675 Carolum
1291 646 1451 694 regem
1491 639 1538 676 et
1581 645 1722 689 suos,
1764 644 1927 677 rerum

504 703 809 770 praesentium
839 714 1016 752 statum
1045 705 1292 754 celerrime
1326 707 1662 755 innotuerunt.
1695 707 1768 754 Ad
1802 723 1926 772 quos

505 800 616 830 cum
644 792 747 830 toto
776 783 984 831 exercitu
1003 819 1016 844 ,
1042 784 1125 848 qui
1148 801 1247 831 non
1271 785 1442 850 procul
1464 784 1654 848 aberat,
1687 802 1744 833 ex
1769 795 1925 834 castro

503 861 846 909 Pontis-Archae
879 863 1302 928 properantissime
1342 880 1596 912 accurrens
1644 863 1927 929 (metuebat

499 940 630 987 enim
652 955 714 986 ne
735 956 910 1004 magna
932 940 1222 1004 Anglorum,
1250 957 1354 1005 quae
1376 941 1471 989 illic
1498 950 1598 989 erat
1614 979 1627 1004 ‚
1656 957 1826 990 manus
1848 939 1926 989 vel

500 1034 606 1083 quae
623 1035 680 1065 ex
703 1018 806 1066 aliis
830 1017 1021 1084 oppidis
1040 1029 1086 1066 et
1111 1018 1313 1067 castellis
1327 1055 1340 1080 ‚
1367 1009 1472 1084 quae
1491 1037 1586 1068 suae
1608 1019 1767 1068 adhuc
1786 1029 1925 1068 erant

498 1095 692 1143 ditionis
709 1133 721 1157 ,
749 1095 977 1143 velociter
1007 1095 1266 1145 adventare
1295 1098 1555 1163 potuisset,
1583 1097 1923 1147 detrimentum

498 1173 677 1221 civitati
703 1174 951 1239 inferret),
982 1191 1094 1222 cum
1123 1175 1340 1239 Anglicos
1374 1176 1500 1223 intra
1529 1193 1659 1224 arces
1682 1175 1920 1238 reclusos,

496 1261 543 1298 et
574 1252 750 1299 civium
789 1252 1147 1300 multitudinem
1183 1253 1438 1319 praevalere
1477 1254 1525 1301 in
1559 1254 1748 1302 civitate
1785 1253 1923 1302 intel-

495 1328 682 1377 lexisset
704 1366 717 1391 ‚
771 1331 820 1378 in
863 1332 1155 1379 monasterio
1200 1342 1361 1379 autem
1402 1333 1584 1380 Sanctae
1625 1330 1918 1393 Catharinae,

493 1408 627 1472 quod
654 1408 703 1455 in
732 1410 910 1457 montis
932 1410 1111 1458 vertice
1141 1411 1284 1458 situm
1313 1421 1408 1473 est,
1435 1410 1518 1475 qui
1539 1410 1781 1476 prominet
1808 1410 1924 1458 civi-

493 1487 603 1548 tati,
631 1487 741 1535 loco
765 1488 963 1553 quidem
997 1489 1108 1536 satis
1132 1489 1343 1550 munito,
1371 1488 1456 1536 sed
1487 1489 1570 1554 qui
1592 1488 1654 1536 ab
1684 1487 1886 1554 Anglicis
1903 1524 1918 1550 ,

492 1582 604 1613 cum
635 1567 897 1615 tumultum
936 1567 1070 1615 illum
1107 1568 1158 1615 in
1191 1568 1382 1616 civitate
1406 1567 1625 1633 regisque
1659 1567 1921 1615 adventum

490 1662 601 1692 cum
634 1647 845 1694 exercitu
877 1646 1119 1708 viderent,
1156 1646 1308 1694 fuerat
1331 1645 1614 1707 derelictus,
1650 1663 1700 1694 se
1721 1646 1916 1713 recepit.

490 1724 654 1771 Noluit
681 1735 842 1772 autem
872 1724 1007 1789 quod
1041 1741 1098 1772 ea
1129 1723 1249 1771 hora
1275 1741 1389 1771 suus
1421 1724 1652 1772 exercitus
1680 1724 1919 1772 civitatem

487 1802 685 1850 intraret
722 1804 848 1867 (jam
881 1804 1010 1850 enirn
1043 1820 1196 1870 prope
1220 1820 1474 1868 vesperum
1501 1801 1661 1868 erat),
1688 1803 1800 1867 quia
1817 1840 1829 1863 ,
1856 1818 1919 1850 ne

487 1882 646 1929 forsan
661 1919 673 1943 ‚
702 1883 740 1929 si
764 1891 893 1929 totus
916 1882 1172 1930 introiisset
1195 1891 1310 1929 tunc
1333 1882 1565 1929 exercitus
1581 1919 1593 1943 ‚
1619 1898 1721 1929 sese
1746 1880 1918 1929 milites

486 1960 547 2007 ad
576 1960 786 2025 praedam
826 1960 1071 2008 dedissent
1098 1961 1185 2023 (ex
1217 1977 1315 2025 quo
1351 1959 1665 2025 periculosius
1686 1959 1811 2006 inter
1833 1975 1917 2006 eos

484 2047 531 2084 et
553 2038 680 2085 cives
697 2038 938 2085 tumultus
961 2038 1136 2085 exoriri
1157 2039 1449 2103 potuisset),
1483 2053 1582 2084 non
1614 2035 1914 2084 irrationabi-

483 2114 588 2161 liter
610 2115 880 2163 verebatur.
918 2115 1012 2162 Sed
1036 2115 1247 2181 primum
1285 2115 1483 2178 ingressi
1517 2123 1629 2162 sunt
1660 2113 1915 2179 episcopus

484 2193 786 2240 Lexoviensis
804 2195 843 2252 ¹,
871 2192 931 2239 de
955 2208 1054 2257 quo
1079 2193 1127 2239 in
1161 2190 1486 2256 superioribus
1509 2190 1804 2239 mentionem
1823 2189 1911 2238 ha-

481 2268 701 2331 buimus,
736 2280 782 2316 et
807 2269 1034 2316 dominus
1059 2268 1120 2316 de
1152 2269 1407 2316 Torciaco²
1439 2285 1550 2315 cum
1588 2277 1783 2316 centum
1813 2266 1914 2316 lan·

480 2348 576 2394 ceis
593 2384 605 2407 ‚
641 2365 747 2412 quae
771 2348 1238 2412 quadringentorum
1269 2347 1481 2394 virorum
1502 2356 1796 2394 armatorum
1819 2362 1911 2394 nu·

480 2427 667 2472 mei'um
712 2425 963 2473 faciebant.
1005 2424 1323 2472 Postmodum
1360 2441 1503 2486 vero,
1533 2441 1642 2472 cum
1675 2425 1775 2490 jam
1813 2441 1911 2472 nox

477 2513 629 2563 esset,
671 2504 814 2550 etiam
845 2503 1057 2551 introivit
1095 2503 1336 2550 civitatem
1360 2519 1524 2550 comes
1553 2502 1764 2551 Dorval³
1797 2518 1909 2551 cum

532 2614 571 2653 1.
601 2611 768 2650 Thomas
785 2611 914 2653 Basin.

530 2673 570 2709 2.
602 2674 699 2710 Jean
731 2671 906 2710 Chartier
925 2683 1084 2709 nomme
1111 2669 1244 2709 Pierre
1267 2669 1316 2709 de
1349 2669 1468 2709 Breze
1499 2683 1650 2711 comme
1679 2671 1717 2710 le
1739 2670 1910 2723 premier

476 2731 543 2783 qui
576 2740 687 2770 entra
714 2731 809 2770 dans
836 2732 873 2770 la
898 2731 1005 2770 ville.
1031 2729 1179 2769 Robert
1206 2730 1369 2768 Blondel
1390 2730 1445 2779 (l.
1471 2734 1541 2781 111,
1564 2745 1600 2770 c.
1625 2733 1725 2782 xv),
1754 2732 1851 2771 rend
1870 2732 1907 2772 le

475 2793 602 2830 meme
622 2791 890 2846 temoignage3
913 2791 1007 2830 mais
1026 2790 1127 2829 celui
1150 2789 1199 2829 de
1216 2790 1384 2829 Thomas
1402 2790 1518 2830 Basin
1537 2799 1593 2830 est
1611 2791 1661 2831 ici
1674 2790 1763 2845 plus
1778 2791 1906 2832 consi-

477 2851 548 2889 d'r
574 2851 612 2889 bl
643 2882 652 2892 .

506 2866 572 2953 ⁰3²}
597 2866 787 2952 Aemanieu
807 2911 1003 2962 d'Albret,
1029 2911 1212 2966 seigneur
1234 2910 1406 2958 d'Orval.
