2086 3528
560 343 634 381 174
940 336 1277 379 HISTORIARUM
1305 337 1487 379 CAROLI
1514 337 1583 373 VH

558 421 748 475 terdum
795 433 895 467 esse
942 417 1257 471 necessariam
1281 454 1296 481 ‚
1339 433 1619 487 quanquam
1665 418 1833 483 aliquas
1864 417 1967 473 sint

557 495 832 563 respublicae
865 510 970 563 quae
997 493 1179 546 nullam
1208 494 1407 559 hahere,
1450 495 1540 547 nisi
1570 494 1687 547 dum
1714 493 1968 550 necessitas

545 573 820 640 ¹impulerit,
857 583 1054 633 curent;
1093 589 1189 642 qua
1210 573 1352 625 etiam
1374 574 1677 636 imminente,
1705 590 1805 627 non
1825 573 1969 643 aliam

557 668 701 717 quam
727 650 787 697 de
810 650 1016 721 propriis
1038 649 1245 704 civibus.
1278 666 1308 703 a
1336 650 1508 720 quibus
1538 668 1727 717 semper
1753 667 1887 706 arma
1912 651 1968 705 iu

558 728 710 777 domo
746 727 795 779 in
825 735 1052 796 promptu
1095 725 1358 792 habentur,
1395 727 1571 780 habere
1606 730 1789 782 volunt,
1837 731 1895 791 Et
1929 729 1970 783 si

560 806 678 858 forte
703 814 832 852 tanta
854 803 1082 867 ingruerit
1104 804 1356 855 necessitas
1378 815 1431 856 ut
1460 807 1605 858 etiam.
1620 806 1971 860 conductitium

558 882 757 933 militem
769 880 858 933 sibi
877 881 1138 933 adsciscere
1157 881 1478 934 necessarium
1495 882 1688 946 ducant,
1713 883 1763 935 id
1775 883 1970 951 quidem

558 960 735 1008 faciunt
764 975 854 1025 pro
896 959 1044 1011 modo
1083 975 1400 1024 mensuraque
1435 977 1625 1014 suarum
1663 962 1967 1024 facultatum3

559 1037 741 1085 sublata
761 1053 875 1090 vero
899 1036 1195 1096 necessitate,
1215 1035 1548 1108 hujuscemodi
1568 1039 1784 1093 militiam
1798 1076 1812 1104 ‚
1837 1040 1971 1092 satis·-

561 1116 682 1167 facto
723 1115 790 1168 eis
831 1131 921 1180 pro
957 1124 1172 1187 tempore
1203 1130 1300 1181 quo
1339 1115 1604 1166 servierunt
1637 1115 1699 1169 de
1734 1116 1972 1183 stipendio

560 1204 798 1247 convento
813 1231 825 1255 ‚
851 1194 911 1246 ad
933 1194 1129 1263 propria
1151 1194 1416 1242 remittunt.

1042 1371 1111 1417 CA
1119 1370 1379 1417 PITULUM
1413 1371 1491 1416 Vt.

561 1497 668 1542 Quod
687 1497 854 1532 naturalis
881 1497 971 1548 regis
996 1496 1121 1531 militia
1134 1523 1144 1540 ,
1164 1497 1294 1547 absque
1310 1494 1546 1543 stipendiariae
1568 1503 1672 1531 tantae
1690 1494 1974 1544 continuatione,

925 1555 972 1590 ad
988 1556 1087 1602 regni
1102 1556 1289 1590 tuitionem
1306 1556 1466 1591 sufficere
1481 1555 1605 1607 possit.

626 1654 720 1702 Sed
742 1671 851 1701 cum
875 1657 1169 1702 Francorum
1192 1671 1394 1719 regnum
1425 1654 1485 1706 ab
1510 1654 1718 1718 antiquis
1753 1653 1978 1719 tempori·

562 1732 653 1779 bus
670 1741 951 1798 perpetuam
968 1731 1357 1796 ordinariamque
1377 1732 1535 1784 foveat
1550 1732 1872 1798 copiosissime
1887 1732 1977 1785 mi-

564 1809 735 1870 litiam,
769 1809 1066 1857 nobilitatem
1100 1809 1321 1856 videlicet
1347 1811 1506 1874 regni,
1544 1825 1690 1875 quam
1710 1808 1796 1862 ubi
1819 1824 1905 1860 rex.
1926 1808 1976 1861 in

564 1888 771 1935 exercitu
807 1887 867 1934 de
896 1896 1010 1935 toto,
1036 1904 1184 1951 regno
1221 1904 1390 1952 cogere
1421 1888 1586 1948 veltet,
1620 1887 1744 1937 ultra
1776 1885 1978 1952 quadra-

565 1965 694 2029 ginta
731 1964 875 2011 millia
916 1965 1132 2030 equitum
1177 1977 1433 2017 numerum
1472 1964 1778 2023 ascenderet,
1809 1971 1978 2028 praeter

565 2041 834 2107 pedestrem
849 2032 1074 2088 militiam
1091 2057 1236 2105 quam
1253 2042 1553 2089 innumeram
1575 2058 1726 2107 paene,
1755 2041 1793 2088 si
1816 2039 1976 2102 vellet,

565 2121 815 2182 ingruente
838 2119 1114 2170 necessitate
1129 2155 1143 2180 ‚
1170 2130 1329 2187 posset
1363 2119 1673 2185 contrahere,
1697 2117 1830 2169 nulla
1851 2126 1979 2167 certe

566 2196 835 2261 reipublicae
854 2196 1028 2242 utilitas
1052 2212 1307 2262 exposcere
1321 2195 1526 2254 videtur,
1543 2195 1666 2242 ultra
1688 2194 1978 2242 ordinariam

567 2275 804 2328 militiam,
848 2275 925 2321 cui
971 2291 1058 2340 per
1102 2290 1269 2321 omnes
1316 2275 1450 2338 regni
1495 2273 1764 2339 provincias
1811 2271 1978 2342 populi

568 2353 856 2418 praediorum
879 2369 1048 2400 census
1066 2362 1112 2399 et
1134 2352 1319 2401 servitia
1341 2351 1500 2404 debita
1520 2350 1815 2421 dependunt,
1837 2349 1979 2403 aliam

569 2429 912 2485 conductitiam
940 2429 1310 2495 superinducere
1326 2466 1340 2490 ‚
1367 2440 1415 2478 et
1437 2429 1498 2477 ad
1521 2428 1757 2494 stipendia
1785 2427 1980 2477 ordina·

571 2509 665 2569 ria,
691 2524 824 2572 aeque
846 2507 893 2554 in
917 2523 1036 2573 pace
1057 2517 1105 2554 et
1125 2506 1259 2553 nullo
1279 2507 1557 2555 imminente
1579 2505 1726 2568 bello',
1750 2503 1979 2570 quemad-

573 2584 770 2634 modum
790 2595 1018 2656 praesente
1043 2595 1090 2632 et
1110 2585 1315 2632 instante
1329 2622 1341 2644 ‚
1367 2585 1524 2633 fovere
1547 2594 1691 2649 atque
1710 2593 1887 2635 tenere.

639 2663 779 2728 Atqui
796 2663 920 2717 dicet
941 2662 1177 2728 quispiam
1193 2678 1384 2713 causam
1401 2663 1632 2715 continuo
1653 2670 1980 2728 perpetuoque

574 2740 793 2801 subesse,
832 2757 915 2789 seu
950 2749 1146 2806 propter
1173 2748 1355 2787 metum
1389 2740 1650 2804 Anglor-um
1666 2776 1678 2799 ‚
1713 2737 1979 2804 antiquissi-

574 2835 763 2867 morum
786 2818 1245 2882 soevissimorumque
1266 2817 1474 2869 hostium
1497 2817 1652 2882 regni,
1678 2834 1760 2870 seu
1785 2824 1978 2887 propter
