2086 3528
706 314 854 352 LIBER
878 313 1126 362 QUARTUS.
1557 315 1636 352 225

212 395 413 462 contigit
443 395 685 445 dominica
707 396 786 446 die
809 399 1028 464 proxime
1056 398 1300 464 sequenti,
1335 398 1485 446 modo
1517 416 1638 464 quo-

212 474 325 524 dam
347 474 553 524 mirabili
577 484 624 524 et
638 475 828 541 penitus
845 476 1087 543 insperato
1105 514 1118 538 ,
1139 476 1234 524 hoc
1251 476 1400 525 modo
1424 476 1638 542 ejusdem

212 552 345 602 urbis
366 553 663 603 deditionem
687 553 790 602 fieri
808 555 907 620 regi
927 558 1238 604 Francorum.

686 749 1033 804 CAPITULUM
1065 750 1167 795 ΧΧ.

268 874 324 911 De
346 872 588 925 commotione
614 873 744 923 populi
770 873 1068 922 Rothomagensis
1091 881 1216 910 contra
1239 873 1375 923 Anglos
1388 901 1399 919 ‚
1428 882 1462 910 et
1487 875 1587 911 urbis

830 933 1029 971 deditione.

279 1051 402 1098 Cum
423 1049 555 1098 enim
580 1059 702 1098 esset
739 1048 950 1115 populus
967 1086 979 1110 ,
1004 1048 1127 1097 hora
1155 1063 1253 1114 qua
1288 1049 1542 1096 missarum
1572 1066 1650 1097 so-

213 1128 391 1177 lemnia
422 1127 527 1176 fieri
548 1137 929 1189 consueverunt,
954 1144 1043 1194 per
1071 1126 1292 1175 ecclesias
1314 1126 1448 1175 urbis
1471 1126 1650 1175 effusus

215 1216 263 1255 et
294 1206 538 1273 dispersus
555 1210 586 1266 ²,
611 1223 783 1255 eorum
805 1206 990 1273 plures,
1018 1205 1152 1254 sactae
1176 1222 1205 1254 a
1232 1222 1282 1253 se
1304 1205 1652 1270 conjurationis
1686 1223 1690 1227 ·

213 1285 419 1344 conscii,
441 1295 572 1333 metu
589 1301 644 1332 ac
660 1301 842 1351 pavore
861 1283 1134 1332 incredibili
1151 1282 1458 1331 tenebantur.
1484 1283 1652 1331 Nullus

214 1364 346 1412 enim
367 1363 652 1413 addubitare
675 1363 819 1412 debet
838 1362 972 1429 quod
988 1363 1053 1424 si,
1073 1379 1185 1427 rege
1203 1378 1304 1411 sese
1324 1371 1370 1410 et
1389 1362 1652 1410 exercitum

213 1513 303 1554 dam
322 1512 553 1567 cognomine
570 1512 661 1552 Rufi
673 1514 740 1562 (Le
753 1513 884 1561 Roux)
897 1510 1003 1564 apud
1021 1525 1242 1564 supremam
1258 1510 1396 1551 Karoli
1415 1510 1650 1560 majestatem

213 1574 360 1614 celeres
385 1587 540 1628 gressus
567 1581 775 1612 maturent.
802 1589 819 1606 »
843 1571 992 1610 Robert
1013 1571 1176 1611 Blondel
1191 1602 1202 1621 ,
1222 1571 1251 1612 l.
1280 1574 1362 1619 111,
1382 1586 1419 1611 c.
1440 1585 1521 1612 ΧΠ.
1545 1573 1653 1612 Cette

213 1633 460 1684 ambassade‚
476 1635 543 1687 qui
561 1634 708 1673 n’avait
721 1633 806 1672 rien
827 1633 876 1672 de
896 1632 1066 1683 sei-ieux,
1088 1632 1145 1671 fut
1159 1645 1236 1671 une
1255 1645 1483 1672 manoeuvre
1503 1631 1557 1671 du
1576 1632 1652 1671 duc

211 1709 314 1749 pour
331 1709 372 1736 se
385 1695 595 1735 soustraire
613 1697 635 1734 a
654 1708 731 1734 une
750 1695 902 1733 emente
921 1707 1117 1733 survenue
1135 1693 1172 1733 le
1185 1693 1407 1733 lendemain
1427 1692 1475 1731 de
1494 1693 1652 1732 l’entre-

212 1757 319 1810 prise
349 1757 417 1796 des
443 1756 625 1808 Francais
645 1770 654 1794 :
682 1772 698 1790 α
721 1755 914 1806 Deinceps
933 1763 1089 1806 postera
1108 1753 1219 1800 luce,
1242 1753 1383 1806 vulgus
1411 1752 1581 1791 maxima
1610 1752 1651 1790 in

213 1818 342 1870 copia,
354 1817 592 1856 inflammato
610 1815 728 1854 corde
747 1828 880 1863 ruens,
893 1814 1003 1853 velut
1016 1813 1266 1866 perterritum
1285 1812 1556 1867 urgentissimo
1572 1812 1652 1851 cla-

214 1890 325 1916 more
337 1876 475 1916 ducem
495 1875 544 1915 de
563 1875 805 1923 Sombresset,
824 1874 927 1912 infra
940 1886 1133 1912 amoenam
1152 1872 1261 1912 urbis
1278 1873 1439 1911 domum
1455 1881 1652 1911 construc-

213 1946 308 1986 tam,
324 1951 405 1977 non
414 1937 531 1990 longe
543 1950 566 1976 a
580 1936 701 1976 muris
719 1943 900 1984 stantem,
915 1934 1157 1988 aggreditur,
1171 1934 1364 1986 patefacto
1375 1933 1506 1973 Gallos
1527 1945 1650 1971 arma-

213 2005 272 2037 tos
291 2011 371 2037 non
389 1997 439 2037 ad
458 1997 582 2050 spolia
606 1996 714 2035 urbis
733 1995 921 2048 rapienda
934 2024 945 2043 ‚
966 2008 1104 2034 verum
1131 1994 1180 2033 ad
1203 1994 1373 2033 hostium
1394 1993 1650 2043 dejectionem

213 2058 444 2099 intrasse....
473 2061 530 2097 Ac
556 2057 657 2106 dux,
682 2064 726 2095 ut
744 2056 925 2108 princeps
947 2054 1138 2093 modestia
1157 2054 1394 2106 temperatus
1416 2066 1461 2092 ac
1480 2052 1522 2091 in
1540 2051 1651 2104 vulgi

212 2119 473 2158 commotione
509 2117 681 2171 prudens
698 2147 709 2166 ‚
745 2116 896 2155 animos
931 2115 1067 2168 populi
1102 2114 1162 2153 ira
1200 2123 1238 2153 et
1273 2123 1441 2153 tremore
1479 2113 1650 2151 concitos

213 2179 384 2219 mulcere
415 2187 454 2218 et
486 2178 642 2231 placare
674 2175 891 2223 arbitrans,
923 2175 1035 2214 dictis
1060 2173 1320 2213 blandissimis
1350 2173 1649 2212 tumultuantem

212 2239 368 2292 plebem
401 2238 682 2290 alloquitur....
717 2237 793 2278 Sed
822 2250 912 2275 cum
939 2236 1131 2288 populum
1160 2234 1444 2274 inexorabilem
1472 2233 1648 2280 videret,

212 2301 406 2339 concitum
433 2314 569 2340 eorum
599 2300 772 2338 furorem
801 2298 950 2338 evitare
975 2306 1013 2336 et
1040 2296 1090 2336 ad
1116 2296 1276 2335 heroem
1304 2295 1353 2334 de
1375 2293 1530 2333 Talebot
1547 2293 1649 2331 infra

212 2370 381 2401 castrum
395 2375 503 2400 suam
515 2373 736 2414 personam,
754 2358 804 2398 ab
820 2357 1058 2411 impendenti
1073 2356 1247 2409 periculo
1266 2364 1455 2408 ereptam,
1470 2354 1649 2393 conferre

213 2422 370 2473 volens,
394 2436 536 2474 equum
562 2421 746 2461 ascendit.
778 2420 983 2472 Extemplo
1010 2418 1169 2470 quidam
1194 2417 1289 2457 civis
1312 2416 1457 2455 lanifex
1479 2412 1648 2467 gradarii

213 2480 298 2521 lora
315 2481 572 2534 apprehendit
593 2490 631 2519 et
655 2494 799 2533 equum
823 2480 922 2519 sistit
948 2478 1227 2519 ambulantem.
1249 2480 1341 2516 Dux
1362 2489 1458 2514 vero
1477 2474 1649 2512 infensus

215 2542 406 2581 exclamat
430 2556 438 2580 :
468 2558 488 2576 α
508 2540 606 2580 Vide
631 2541 728 2593 quid
753 2549 938 2588 attentas,
965 2540 1006 2578 in
1030 2538 1247 2591 principem
1276 2536 1481 2587 sacrilegas
1511 2538 1666 2570 manus*

215 2599 394 2641 mittens!
409 2618 427 2635 »ι
449 2603 498 2640 At
515 2601 642 2652 inquit
661 2616 670 2639 z
699 2620 716 2636 (ι
734 2604 780 2640 In
803 2610 870 2640 tua
883 2613 1051 2654 persona
1071 2598 1223 2637 nullam
1243 2597 1442 2635 laesionem
1462 2592 1646 2645 patieris;

216 2660 285 2700 sed
312 2670 484 2701 retentus
519 2661 714 2711 manebis,
745 2661 891 2712 donec,
923 2675 1009 2714 quae
1033 2659 1221 2713 petimus,
1254 2657 1370 2696 nobis
1397 2653 1646 2694 concesseris.

215 2724 297 2761 Nec
314 2731 456 2761 nostrae
475 2721 583 2761 urbis
608 2722 853 2761 eversionem
869 2751 881 2771 ,
907 2735 981 2761 nec
1001 2728 1225 2760 nostrorum
1251 2717 1465 2757 liberorum
1488 2713 1650 2753 exitium

216 2783 398 2825 volumus
417 2792 654 2836 exspectare.
680 2800 699 2818 »
726 2783 806 2832 Id.,
830 2782 925 2822 ibid.

273 2846 312 2885 1.
344 2847 399 2883 Le
420 2844 625 2884 dimanche
646 2846 696 2884 19
721 2843 882 2884 octobre
902 2845 1023 2883 1449.

329 2923 345 2948 1
1440 2904 1491 2942 15
