2086 3528
535 320 610 357 168
914 315 1254 354 HISTORIARUM
1279 316 1459 355 CAROLI
1489 318 1557 354 VII

537 400 784 467 pauperies
820 407 962 462 atque
992 398 1153 462 inopia
1182 399 1489 464 populorum,
1519 397 1651 462 quod
1681 397 1855 451 fiscalia
1889 411 1936 449 et

538 480 711 527 tributa
752 477 880 541 regia
929 476 976 523 in
1026 475 1230 523 nihilum
1261 493 1411 543 prope
1429 514 1442 540 ,
1467 478 1536 530 vin
1579 476 1937 543 quamplurimis

535 557 791 604 Galliarum
825 553 1103 619 provinciiS,
1140 552 1477 616 defluxissents
1502 556 1819 604 necessarium
1852 555 1939 613 suit

534 635 581 681 in
620 632 710 680 illis
746 631 950 679 exordiis
980 646 1151 694 magna
1193 646 1249 677 ex
1280 640 1412 694 parte
1445 631 1679 698 stipendia
1711 632 1937 681 militibus

532 728 631 758 non
672 710 721 756 in
755 717 1002 770 numerata
1039 708 1268 772 pecunia,
1307 708 1390 755 sed
1425 709 1474 757 in
1506 711 1768 775 quantitate
1801 722 1938 774 certae

531 803 735 836 annonae
765 796 812 835 et
841 785 1116 834 victualium
1147 785 1518 834 necessariorum
1536 825 1549 849 ,
1585 797 1683 836 tam
1712 805 1802 854 pro
1828 806 1940 855 per-

532 865 660 913 sonis
683 880 828 929 quam
863 864 999 928 equis
1032 863 1208 923 taxari3
1236 863 1301 911 ita
1322 863 1456 929 quod
1484 881 1581 912 una
1609 867 1838 931 parochia
1864 868 1940 916 vel

531 944 714 1008 plures,
741 942 780 988 si
811 940 949 988 valde
987 951 1183 1002 tenues,
1220 941 1303 987 uni
1331 940 1505 988 lanceae
1537 943 1844 1007 providerent
1879 944 1940 994 de

531 1037 724 1068 annona
771 1029 954 1079 taxata,
1000 1018 1090 1066 alia
1133 1017 1238 1080 alii,
1275 1018 1350 1066 vel
1392 1018 1636 1084 pluribus,
1676 1021 1940 1070 secundum

531 1098 829 1147 latitudinem
884 1097 1251 1160 facultatemque
1307 1095 1657 1161 parochiarum.
1713 1099 1941 1148 Pedeten-

534 1177 619 1224 tim
642 1192 756 1222 vero
776 1211 788 1235 ,
819 1191 930 1221 cum
954 1173 1234 1221 inchoarent
1264 1173 1503 1239 parochiae
1536 1173 1599 1235 ad
1626 1174 1838 1237 fortunas
1864 1178 1939 1234 in·

535 1271 746 1301 crescere
767 1253 1043 1319 pinguiores
1062 1289 1074 1312 ‚
1111 1269 1170 1300 ex
1197 1252 1334 1315 regiis
1362 1251 1696 1316 vectigalibus,
1726 1269 1831 1319 quae
1851 1271 1940 1321 pro

532 1331 770 1377 solutione
801 1328 1079 1392 hujusmodi
1107 1328 1380 1376 lancearum
1408 1329 1663 1379 constituta
1695 1340 1830 1392 sunt,
1861 1332 1943 1380 sti-

533 1407 708 1473 pendia
731 1407 851 1455 solvi
873 1406 1098 1453 militibus
1115 1407 1424 1454 constitutum
1445 1407 1550 1468 fuit,
1571 1417 1619 1456 et
1638 1424 1841 1456 annonae
1854 1408 1944 1457 illae

535 1486 761 1533 militares
798 1486 847 1531 in
888 1485 1198 1549 pecuniarum
1236 1485 1547 1548 quantitatem
1579 1496 1769 1546 mutatae
1801 1495 1939 1546 sunt,

536 1573 679 1627 atque
696 1599 708 1623 ,
743 1561 959 1626 quolibet
981 1578 1169 1622 mense,
1196 1578 1286 1627 pro
1316 1561 1481 1610 lancea
1504 1579 1613 1611 cum
1635 1564 1732 1612 suis
1752 1561 1944 1619 duobus

534 1640 804 1703 sagittariis,
829 1639 992 1703 viginti
1015 1648 1145 1686 scuta
1167 1639 1270 1686 auri
1287 1648 1442 1687 taxata
1457 1640 1485 1687 ¹.

994 1775 1355 1841 'CAP1TULUM
1386 1795 1465 1839 iv.

632 1911 825 1956 Quomodo
853 1920 998 1960 propter
1023 1921 1217 1958 equestrem
1243 1911 1405 1946 militiam
1432 1911 1603 1959 pedestris
1626 1910 1841 1950 Francorum

909 1971 1165 2018 sagittariorum
1181 1971 1304 2006 militia
1318 1971 1475 2007 instituta
1489 1971 1567 2008 fuit.

597 2081 728 2128 Ultra
769 2081 893 2129 hanc
925 2091 1084 2128 autem
1114 2081 1242 2127 mille
1277 2090 1322 2127 et
1352 2081 1717 2144 quingentarum
1753 2080 1940 2129 lancea·

529 2174 634 2205 rum
656 2158 886 2217 militiam,
915 2157 1003 2205 alia
1023 2157 1186 2204 militia
1204 2153 1432 2222 pedestris
1456 2173 1540 2222 per
1561 2165 1716 2204 totum
1738 2173 1941 2221 regnum

527 2237 739 2283 instituta
779 2247 848 2283 est
890 2236 1262 2300 sagittariorum,
1290 2236 1371 2299 qui
1398 2235 1545 2282 franci
1578 2236 1832 2301 sagittarii⁸
1853 2252 1941 2302 ap-

526 2315 686 2379 pellati
714 2324 851 2374 sunt;
879 2315 943 2360 ita
969 2314 1097 2378 quod
1125 2330 1210 2378 per
1232 2330 1398 2360 omnes
1431 2314 1639 2360 civitates
1666 2313 1940 2379 oppidaque

526 2401 668 2456 atque
715 2408 850 2450 rura⁷
892 2409 947 2438 ex
988 2391 1257 2455 quibusque
1298 2391 1637 2455 quinquaginta
1676 2389 1900 2439 domibus
1919 2426 1935 2450 ,

525 2485 649 2516 unus
670 2469 741 2516 vir
767 2468 1067 2532 deligeretur,
1096 2469 1180 2532 qui
1204 2479 1382 2516 statura
1398 2506 1408 2526 ‚
1434 2469 1608 2516 robore
1633 2478 1776 2533 atque
1799 2467 1940 2516 habi-

526 2546 690 2594 tudine
706 2547 924 2611 corporis
941 2556 1076 2609 aptus
1094 2564 1183 2612 pro
1202 2546 1476 2610 hujusmodi
1490 2547 1655 2593 militia
1668 2545 1906 2594 videretur
1921 2564 1933 2607 ;

578 2694 616 2730 1.
648 2694 810 2744 Passage
833 2690 1008 2743 imprime
1028 2690 1120 2728 dans
1140 2691 1193 2728 les
1217 2693 1365 2729 Nom-es
1383 2700 1420 2727 et
1437 2693 1595 2728 extr-aits
1616 2692 1681 2727 cles
1699 2694 1933 2740 manuscrits,

523 2758 550 2788 t.
574 2753 606 2800 1,
627 2764 666 2802 p.
689 2752 782 2791 427.

574 2811 611 2847 2.
643 2812 699 2847 En
719 2809 880 2860 francais
893 2838 902 2855 ,
924 2810 1051 2859 francs
1069 2810 1231 2846 arclzers.

2047 168 2049 170 ·
2013 0 2081 123 «αι
