2086 3528
525 404 601 442 166
906 398 1242 439 HISTORIARUM
1257 401 1448 441 ,GAROLI
1475 404 1544 440 v11

525 496 572 534 et
588 486 827 533 animosos
850 492 900 530 se
921 482 1199 548 probassent
1215 516 1228 544 ,
1246 476 1498 549 partiretur
1518 491 1660 550 atque
1681 485 1926 536 distribue-

524 572 668 622 retur,
695 561 1012 625 darenturque
1035 560 1103 607 eis
1125 560 1355 626 stipendia
1373 563 1637 623 ordinarie,
1663 573 1716 611 ut
1742 573 1930 630 semper

523 654 633 687 eum
654 640 795 684 armis
817 647 864 684 et
884 638 1016 702 equis
1033 638 1238 704 expediti
1257 650 1410 688 essent
1434 641 1495 688 ad
1515 641 1713 707 imperia
1729 651 1776 690 et
1797 654 1929 690 man-

522 717 630 763 data
645 717 767 778 regis
783 715 1084 780 exsequenda
1095 718 1126 763 ¹.
1144 719 1213 763 Ex
1230 715 1310 765 illa
1324 717 1463 780 igitur
1476 726 1606 767 tanta
1621 716 1931 767 multitudine

525 793 766 841 decretum
790 803 860 840 est
887 803 939 840 ut
961 791 1089 841 mille
1113 803 1161 841 et
1181 795 1450 859 quingentae
1470 795 1644 844 lanceae
1668 792 1930 860 deligeren-

524 881 600 918 tur
621 884 677 917 ex
707 869 764 917 iis
798 870 882 934 qui
909 879 1068 932 aetate,
1095 876 1271 919 statura
1291 873 1505 938 corporis
1533 883 1581 921 et
1602 873 1932 922 membrorum

524 947 812 1005 valetudine,
849 948 982 1012 equis
1011 958 1153 1013 atque
1183 950 1326 996 armis
1361 963 1456 1015 proe
1490 951 1666 1000 coeteris
1692 949 1928 1014 instructi,

523 1029 803 1076 valentiores
847 1039 894 1075 et
934 1029 1082 1092 magis
1123 1030 1302 1076 strenui
1345 1036 1624 1095 putarentur
1644 1050 1656 1091 ;
1703 1027 1932 1096 quodque

524 1106 689 1153 lancea
732 1103 951 1169 quaelibet
986 1105 1109 1152 duos
1143 1106 1404 1169 sagittarios
1437 1112 1485 1154 et
1517 1119 1669 1154 unum
1703 1105 1932 1156 famulum

526 1193 766 1247 equestres
788 1192 836 1230 et
857 1192 1062 1231 annates
1091 1182 1312 1244 haberet,
1338 1197 1449 1232 cum
1476 1183 1665 1232 duobus
1685 1181 1937 1250 mangoni-
1966 1188 1978 1201 “

525 1260 614 1306 bus
635 1260 718 1324 qui
739 1274 887 1325 equos
912 1267 1205 1308 armatorum
1226 1261 1466 1309 custodire
1492 1268 1539 1310 et
1566 1269 1826 1327 procurare
1847 1258 1935 1311 ha-

528 1339 723 1399 berent3
749 1349 796 1386 et
823 1339 890 1386 sic
921 1339 1141 1404 quaelibet
1172 1339 1336 1387 lancea
1368 1339 1567 1388 haberet
1588 1352 1670 1388 sex
1707 1335 1857 1406 equos
1890 1349 1939 1388 et

528 1430 628 1463 non
666 1416 841 1481 plures.
880 1417 1161 1480 Hujusmodi
1185 1427 1345 1464 autem
1369 1417 1542 1465 lanceae
1570 1416 1699 1466 mille
1720 1427 1767 1466 et
1799 1417 1941 1484 quinq

530 1503 679 1559 gentae
695 1495 784 1542 sub
801 1494 1074 1560 quindecim
1090 1495 1347 1560 capitaneis
1373 1507 1458 1542 seu
1479 1495 1711 1560 magistris
1736 1495 1940 1544 militum

532 1574 794 1620 commissae
814 1579 924 1620 sunt
938 1612 949 1634 ,
974 1590 1183 1638 quorum
1205 1574 1406 1638 quisque
1425 1572 1514 1621 sub
1530 1571 1707 1621 ducatu
1725 1586 1813 1621 suo
1831 1584 1941 1622 cen-⁶

532 1662 635 1699 tum
657 1650 853 1698 haberet
879 1651 1095 1710 lanceas;
1123 1660 1168 1697 et
1189 1650 1268 1697 hic
1289 1663 1517 1698 numerus
1531 1687 1543 1711 ,
1568 1661 1665 1697 tam
1684 1663 1774 1716 pro
1794 1649 1940 1699 tutela

532 1730 690 1792 regni,
719 1744 864 1792 quam
896 1744 986 1792 pro
1021 1728 1356 1792 recuperandis
1386 1729 1520 1775 terris
1551 1740 1656 1792 quae
1689 1727 1846 1775 adhuc
1878 1725 1940 1776 ab

531 1806 748 1853 hostibus
784 1805 1141 1864 detinebantur,
1180 1805 1393 1854 sufficere
1427 1805 1634 1852 creditus
1668 1810 1789 1852 est².
1836 1808 1939 1853 Imo

533 1883 700 1948 procul
722 1883 870 1930 dubio
890 1881 1191 1929 abundanter
1209 1882 1272 1930 ad
1290 1879 1451 1930 omnia
1469 1881 1799 1946 hujuscemodi
1815 1881 1941 1931 suffi-

533 1963 664 2009 ciens
699 1971 822 2019 erat,
874 1970 1052 2007 attenta
1099 1961 1301 2006 maxime
1351 1959 1582 2007 fiscalium
1626 1959 1941 2007 diminution}

536 2037 767 2098 mirabili,
795 2055 852 2086 eo
885 2036 1016 2102 quod
1048 2037 1202 2100 major
1234 2053 1344 2101 pars
1374 2037 1517 2084 totius
1541 2036 1699 2100 regni,
1737 2043 1791 2082 ut.
1819 2047 1941 2100 saepe

536 2118 803 2178 retulimus,
838 2115 1028 2182 populis
1059 2114 1284 2162 exhausta
1311 2124 1357 2162 et
1387 2123 1607 2174 vacuata,
1642 2112 1861 2178 squalens
1895 2122 1941 2160 et

535 2196 713 2244 inculta
736 2193 938 2259 jacebat.
965 2196 1024 2239 Et
1044 2191 1176 2256 quod
1208 2191 1268 2239 ad
1289 2190 1534 2256 praedictas
1556 2188 1779 2238 utilitates
1811 2189 1941 2238 suffi-

535 2276 663 2323 ciens
700 2290 870 2322 manus
904 2282 1048 2330 esset,
1087 2271 1196 2319 satis
1227 2269 1409 2336 liquido
1443 2279 1608 2335 postea
1641 2279 1943 2335 compertum

574 2440 627 2491 ,1.
660 2440 733 2477 Sur
760 2436 815 2475 les
842 2443 1129 2474 remontrances
1163 2432 1230 2471 des
1254 2425 1358 2471 Etats
1387 2431 1440 2470 du
1470 2444 1655 2484 royaume
1687 2429 1895 2470 assembles
1920 2431 1944 2469 δ

535 2499 694 2542 Orleans
719 2510 769 2535 en
798 2497 900 2533 1439
915 2524 925 2541 ‚
953 2495 1007 2532 les
1034 2493 1144 2532 bases
1164 2491 1212 2531 de
1234 2500 1331 2530 cette
1359 2492 1526 2530 reforme
1550 2492 1704 2530 avaient
1728 2490 1788 2529 ete
1809 2488 1943 2544 pose'es

535 2556 632 2597 dans
651 2570 726 2595 une
747 2552 981 2594 declaration
1000 2553 1066 2604 qui
1083 2565 1123 2591 se
1142 2560 1281 2591 trouve
1303 2564 1353 2591 au
1370 2559 1474 2590 tome
1495 2550 1590 2589 XIII
1611 2551 1665 2602 (p.
1687 2550 1779 2599 306)
1793 2548 1848 2589 du
1867 2546 1943 2588 Re-

534 2620 634 2658 cuet'l
652 2618 717 2654 des
744 2616 1022 2654 Ordonnances.

587 2682 624 2718 2.
647 2681 700 2718 Le
713 2684 815 2715 texte
830 2675 878 2715 de
892 2683 988 2714 cette
1002 2674 1232 2725 importante
1250 2673 1495 2711 ordonnance
1512 2685 1561 2710 ne
1579 2682 1620 2710 se
1637 2679 1816 2711 retrouve
1832 2669 1941 2723 pluo}

535 2741 629 2780 mais
644 2742 696 2777 M.
718 2736 842 2777 Vallet
856 2735 904 2773 de
917 2734 1089 2773 Viriville
1108 2747 1131 2771 a
1153 2733 1219 2771 fait
1237 2732 1434 2771 connaitre
1453 2732 1581 2770 divers
1600 2731 1827 2784 reglements
1848 2741 1942 2782 pro-

535 2799 709 2853 mulgue's
740 2810 838 2848 pour
870 2794 1114 2842 Pexecution,
1152 2793 1234 2831 l’un
1253 2801 1358 2831 entre
1377 2801 1504 2832 autres
1524 2791 1610 2831 date
1632 2791 1680 2830 de
1697 2789 1941 2844 Louppy-le-

533 2861 702 2900 Chateau
721 2857 880 2906 (Mense)
900 2853 935 2893 le
950 2854 1000 2893 26
1020 2853 1095 2892 mai
1112 2854 1229 2892 1445.
1256 2851 1513 2902 Bibliotheque
1531 2854 1579 2891 de
1601 2853 1725 2889 l’dcole
1735 2852 1801 2889 des
1816 2848 1939 2890 Char-

534 2932 600 2968 tes,
627 2929 652 2957 t.
675 2919 731 2955 111
749 2919 804 2965 (2⁶
824 2915 948 2964 serie),
967 2928 1005 2966 p.
1030 2916 1118 2953 124.

2059 122 2069 139 ἧι

2066 0 2086 211 Ι

2075 215 2086 246 ·..

2078 253 2086 298 ξ

2076 302 2086 313 ⁴

2076 316 2086 347 Ἰ

2080 354 2086 395 ἱ

2080 548 2086 580 ἱ

2078 583 2086 609 ἶΙ

2078 611 2086 622 ἰ

2080 637 2086 672 e'

2081 692 2086 707 Ι
