2086 3528
683 399 685 403 ,
745 360 892 402 LIBER
916 357 1145 413 QUINTUS.
1577 355 1655 402 269

237 447 484 494 Britonum
511 446 608 493 dux
634 446 695 493 ad
723 447 969 493 servitium
999 448 1121 511 regis
1153 449 1478 495 transmiserat
1502 465 1655 513 usque

234 525 297 572 ad
324 535 560 573 trecentas
584 525 771 572 circiter
794 526 1023 573 lanceas¹.

301 603 531 651 Confecto
564 613 722 649 autem
759 604 955 668 proelio,
994 620 1100 668 spes
1129 604 1372 668 animique
1408 604 1655 668 Burdega—

237 682 439 729 lensium
480 681 758 728 ceciderunt
781 717 792 738 ,
829 698 941 728 cum
988 692 1127 729 antea
1171 683 1219 729 in
1268 682 1467 729 audacia
1514 693 1656 746 atque

234 760 473 808 industria
494 760 630 807 ducis
653 761 856 807 maxime
885 759 1202 807 confiderent.
1230 760 1367 808 Unde
1393 777 1450 807 eo
1479 761 1545 807 sic
1564 798 1575 817 ,
1604 770 1658 808 ut

236 837 549 902 praemisimus
572 873 583 895 ,
622 838 877 892 exstincto,
927 837 1028 884 sine
1061 853 1236 902 magno
1269 838 1464 900 negotio
1501 854 1582 884 rex
1611 847 1657 884 et

187 943 196 948 „
237 915 546 979 Burdegalam
566 951 577 972 ,
613 924 660 962 et
692 914 783 961 alia
813 915 1003 962 castella
1045 932 1150 980 quae
1191 915 1408 979 Anglicos
1442 933 1660 981 suscepe-

238 1003 360 1052 rant,
381 993 443 1040 ad
468 993 764 1040 deditionem
788 994 962 1056 coegit.
994 996 1050 1039 Et
1071 994 1236 1057 utique
1260 993 1478 1041 durio-res
1501 995 1662 1041 verisi-

238 1069 413 1117 militer
438 1071 742 1117 conditiones
765 1070 1027 1134 Burdegala
1050 1071 1331 1130 invenisset,
1366 1071 1455 1118 nisi
1490 1073 1657 1136 pestis,

237 1165 342 1212 quae
370 1160 471 1195 tum
507 1149 554 1194 in
588 1149 740 1213 patria
763 1147 841 1195 illa
874 1158 1016 1212 atque
1047 1149 1188 1195 etiam
1220 1149 1267 1195 in
1307 1149 1515 1196 exercitu
1540 1151 1662 1213 regis

238 1226 476 1283 saeviebat,
500 1243 602 1273 rem
623 1227 855 1272 maturius
877 1226 1088 1290 expediri
1111 1226 1345 1273 suasisset.
1365 1229 1485 1273 Cum
1504 1227 1662 1290 itaque

241 1305 424 1352 fecisset
445 1303 705 1367 Burdegala
729 1303 1073 1364 deditionem²,
1093 1303 1358 1367 agitabatur
1383 1305 1507 1351 inter
1526 1307 1665 1351 Fran-

240 1398 410 1434 corum
438 1381 584 1428 duces
603 1418 614 1439 ,
649 1381 687 1427 si
717 1390 913 1445 propter
939 1380 1205 1428 incolarum
1227 1381 1500 1446 perfidiam,
1530 1382 1663 1446 quod

241 1458 335 1506 fide
354 1468 493 1523 rupta
518 1458 737 1521 Anglicos
759 1457 1074 1504 advocassent
1094 1468 1140 1505 et
1165 1459 1468 1523 recepissent,
1487 1460 1664 1506 moenia

239 1553 330 1601 pro
353 1536 562 1584 vindicta
588 1536 712 1582 dirui
736 1535 982 1582 deberent.
1010 1535 1154 1593 Quod
1180 1536 1245 1583 ita
1275 1535 1374 1583 fleri
1407 1536 1581 1584 debere
1603 1538 1665 1585 ad

241 1626 476 1662 terrorem
508 1615 712 1662 aliorum
740 1614 933 1678 plurimi
959 1613 1286 1661 decernebant
1313 1624 1456 1678 atque
1496 1631 1667 1662 consu-

240 1692 421 1740 lebant.
457 1692 550 1739 Sed
582 1693 630 1739 in
658 1692 988 1755 benigniorem
1021 1702 1066 1738 et
1091 1691 1450 1738 clementiorem
1486 1709 1565 1739 rex
1593 1693 1665 1739 in-

242 1770 392 1817 flexus
426 1770 737 1828 sententiam,
781 1768 876 1815 hoc
919 1769 1104 1815 censuit
1139 1769 1335 1815 minime
1373 1769 1662 1816 faciendum.

242 1850 451 1908 Verum,
482 1856 533 1893 ut
557 1847 745 1893 frenum
771 1846 968 1910 aliquod
993 1863 1087 1893 suae
1110 1846 1440 1911 imponeretur
1461 1847 1664 1908 levitati,

242 1926 291 1973 in
315 1942 372 1972 ea
395 1925 585 1972 civitate
607 1923 726 1970 duas
748 1923 1068 1981 aedificandas,
1095 1923 1272 1970 civium
1296 1923 1544 1988 impensis,
1566 1942 1670 1971 mu-

244 2003 539 2066 niendasque
562 2018 695 2050 arces
727 2001 975 2048 constituit
997 2038 1008 2061 ,
1038 2010 1112 2057 ut,
1143 2001 1180 2046 si
1215 1999 1475 2064 aliquando
1498 2002 1670 2049 infensi
1692 2020 1695 2023 ·

242 2080 338 2128 loci
357 2080 530 2128 accolae
553 2078 613 2126 de
634 2078 894 2126 invitandis
910 2079 1072 2126 denuo
1089 2078 1501 2143 suscipiendisque
1519 2078 1670 2126 hosti-

244 2157 334 2205 bus
358 2158 647 2221 cogitarent,
670 2157 763 2204 tale
790 2156 879 2203 sibi
912 2173 968 2203 ex
994 2156 1276 2220 hujusmodi
1302 2156 1492 2203 arcibus
1517 2158 1671 2203 immi-

244 2247 380 2284 neret
413 2237 613 2302 jugum,
652 2253 680 2283 a
713 2252 810 2301 quo
846 2235 1055 2283 cervices
1089 2250 1222 2293 suaS‚
1257 2234 1670 2299 quemadmodum

245 2313 443 2375 vellent,
474 2314 671 2362 minime
704 2323 900 2379 possent
929 2322 1168 2360 excutere.
1204 2315 1322 2370 Quae
1355 2329 1488 2360 arces
1521 2330 1671 2378 usque

300 2457 337 2494 1.
369 2456 422 2494 Ce
440 2454 506 2493 fait
522 2463 578 2493 est
595 2455 780 2493 confirme
797 2467 868 2506 par
886 2454 1052 2492 l'auteur
1073 2453 1190 2492 d'une
1214 2453 1331 2506 petite
1351 2453 1565 2504 chronique
1586 2467 1669 2491 ma-

245 2513 413 2553 nuscrite
434 2514 482 2553 de
505 2514 541 2552 la
562 2513 827 2565 bibliotheque
849 2513 898 2552 de
920 2513 1301 2552 Sainte-Genevieve
1321 2517 1384 2561 (n0
1404 2515 1522 2561 1155)
1547 2528 1555 2550 ι
1588 2532 1605 2547 «
1624 2516 1672 2551 Et

245 2589 271 2626 y
299 2583 436 2614 eurent
459 2575 515 2614 les
536 2575 734 2627 seigneurs
762 2575 810 2613 de
830 2575 1073 2625 Hunaudaye
1093 2583 1131 2612 et
1149 2573 1408 2620 Montauban,
1430 2582 1468 2611 et
1486 2573 1600 2611 ceulx
1622 2573 1670 2611 de

246 2635 331 2672 leur
348 2635 592 2686 compaignie
607 2665 617 2683 ‚
645 2635 721 2673 tres
741 2644 854 2686 grant
874 2634 1054 2672 honneur
1073 2643 1109 2671 et
1134 2634 1222 2685 plus
1248 2646 1324 2684 que
1343 2633 1432 2670 nulz
1454 2640 1582 2671 autres
1604 2632 1671 2670 des

247 2695 340 2734 trois
364 2695 552 2734 batailles.
569 2697 620 2732 ‘Et
640 2707 666 2745 y
686 2694 824 2747 gaigna
847 2694 1006 2732 messire
1030 2693 1177 2731 Olivier
1197 2692 1338 2731 Gisfart
1363 2692 1398 2729 la
1417 2691 1602 2729 banniere
1622 2691 1670 2730 de

246 2754 428 2801 Talebot3
457 2762 495 2792 et
515 2767 564 2792 en
586 2753 742 2805 general
768 2754 823 2791 les
844 2756 1005 2791 Bretons
1031 2767 1057 2807 y
1082 2752 1323 2804 gaignierent
1352 2751 1441 2801 cinq
1466 2750 1670 2789 bannieres

247 2813 363 2864 qu'ilz
382 2814 644 2865 emporterent
662 2826 711 2851 en
723 2812 939 2864 Bretaigne.
959 2829 977 2846 ι»

302 2874 342 2910 2.
373 2875 427 2911 Le
447 2874 494 2910 17
521 2871 678 2910 octobre
701 2873 820 2911 1453.
