2086 3528
711 329 861 373 Lmen
893 333 1114 374 TERTIUS.
1556 341 1633 378 159

209 414 382 486 regalis
400 415 711 470 successionis
734 424 782 466 et
817 420 1174 485 propagationis
1208 421 1393 485 generis
1426 423 1635 487 reposita

205 516 311 566 spes
335 510 460 559 erat,
493 498 640 557 vidit,
667 496 791 543 infra
819 513 1001 563 paucos
1034 508 1145 563 post
1178 515 1336 545 annos
1372 498 1630 561 decursos,

199 587 258 627 oe
275 583 324 626 et
340 578 565 626 maritum
579 574 911 623 miserabillter
926 588 1077 639 regno
1097 575 1261 641 pulsos
1280 577 1392 623 etin
1414 576 1634 625 exsilium

201 664 392 718 trusosg
420 664 492 714 et,
518 664 777 721 postquam
801 653 897 701 illic
925 654 1010 701 diu
1032 654 1383 714 extabuissent,
1416 664 1464 702 et
1487 657 1633 704 mari-

203 744 280 784 tus
301 736 448 800 longo
479 745 670 782 carcere
699 738 967 780 maceratus
996 733 1186 795 fuisset,
1213 733 1416 782 fortunae
1443 733 1634 783 blandi·-

202 809 280 862 tiis
312 821 369 877 a‘c
390 812 599 861 ludibrio
635 813 684 859 in
710 800 916 876 regnum
939 812 999 859 ad
1024 822 1329 860 momentum
1358 814 1630 876 restitutos;

202 890 290 941 sed
313 891 459 959 paulo
483 897 618 957 post,
651 894 698 938 et
721 890 894 938 eodem
917 902 1052 956 paene
1077 898 1326 938 momento
1342 927 1354 950 ,
1386 903 1464 951 se,
1489 893 1633 939 mari-

202 978 307 1020 tum
329 980 376 1018 et
410 969 563 1018 fillum
582 971 682 1034 jam
710 969 965 1034 puberem,
1000 982 1111 1017 cum
1138 970 1189 1018 in
1227 970 1383 1018 solido
1421 970 1635 1019 firmasse

201 1047 401 1111 'vestigia
424 1061 474 1095 se
496 1047 752 1094 crederent
770 1084 781 1106 ‚
817 1047 866 1093 in
899 1051 1162 1095 extremam
1186 1047 1362 1095 iterum
1391 1048 1634 1096 miseriam

204 1125 464 1174 revolutos.
497 1125 625 1174 Vidit
660 1125 814 1173 filium
837 1139 949 1173 cum
977 1140 1154 1191 magno
1187 1126 1399 1175 exercitu
1424 1128 1474 1174 in
1504 1127 1634 1176 bello

206 1203 386 1251 victum
420 1214 467 1251 et
489 1205 777 1251 exstinctum
809 1219 923 1251 cum
955 1204 1078 1264 suis,
1122 1205 1346 1252 maritum
1386 1205 1550 1254 denuo
1583 1207 1632 1254 in

205 1297 447 1330 carcerem
495 1291 735 1329 retrusum
785 1291 830 1329 et
878 1282 1053 1330 iterum
1103 1299 1161 1330 ex
1202 1299 1312 1347 rege
1356 1284 1601 1350 captivum
1619 1321 1631 1345 ‚

205 1356 466 1424 paucisque
505 1369 616 1424 post
650 1359 941 1424 interpositis
979 1358 1175 1420 diebus,
1229 1357 1541 1422 suffocatum;
1584 1379 1634 1410 se

205 1438 360 1502 ipsam
377 1453 520 1497 vero,
547 1436 610 1484 ad
634 1437 828 1483 victoris
857 1436 1136 1485 devolutam
1159 1454 1358 1485 manum
1379 1476 1391 1498 ‚
1410 1439 1634 1486 miseram

205 1514 269 1562 ad
299 1515 492 1562 victoris
527 1513 776 1561 arbitrium
813 1514 1002 1562 trahere
1038 1516 1201 1562 vitam.
1243 1515 1372 1563 Talia
1412 1516 1553 1580 igitur
1587 1527 1634 1564 et

206 1592 400 1653 similia,
439 1609 546 1656 quae
569 1593 708 1638 toties
733 1602 779 1638 et
808 1609 895 1657 per
927 1609 1097 1639 omnes
1137 1603 1269 1640 terrae
1294 1592 1457 1658 plagas
1479 1596 1633 1641 conti-

209 1671 328 1735 gisse
348 1679 533 1718 veteres
564 1669 761 1717 annales
798 1680 845 1717 et
868 1670 1080 1718 historiae
1115 1671 1328 1718 referunt
1359 1683 1633 1738 canuntque

62 1779 63 1783 =
134 1779 146 1798 ι,
206 1747 446 1812 tragoediae
465 1785 477 1809 ‚
518 1747 727 1811 legentes
758 1758 1022 1811 agnoscant
1051 1765 1222 1797 verum
1257 1767 1358 1798 esse
1394 1751 1529 1816 quod
1560 1769 1633 1800 sa-

208 1827 394 1892 pienter
411 1828 590 1873 Seneca
613 1825 786 1873 cecinit
809 1843 820 1871 ε

395 1972 510 2007 Nemo
528 1979 602 2006 tam
618 1970 719 2008 divos
736 1967 862 2006 habuit
880 1971 1034 2007 faventes

396 2031 597 2066 Crastinum
613 2040 653 2065 ut
668 2031 780 2078 possit
795 2031 862 2065 sibi
882 2031 1044 2078 polliceri
1061 2044 1068 2067 :

394 2091 463 2126 Res
481 2092 576 2126 Deus
592 2098 731 2126 nostras
747 2091 851 2125 celeri
868 2090 990 2126 citatas

561 2151 723 2186 Turbine
743 2160 876 2196 versat3

208 2277 487 2342 discantque
521 2277 745 2325 mortales
782 2294 882 2324 non
906 2277 955 2324 in
987 2277 1172 2340 fastigio
1198 2278 1536 2344 temporalium
1558 2281 1631 2327 di-

209 2356 472 2419 gnitatum,
507 2372 607 2403 non
642 2356 693 2403 in
733 2355 975 2421 potentia⁷
1009 2355 1279 2403 honoribus
1316 2357 1392 2404 vel
1431 2358 1630 2419 divitiis,

209 2450 292 2480 seu
315 2432 498 2480 miseris
522 2443 664 2498 atque
695 2433 1029 2499 insipientibus
1050 2433 1400 2499 voluptatibus,
1426 2446 1507 2484 aut
1532 2437 1635 2501 qui-

210 2511 510 2574 buscumque
551 2511 896 2576 temporalibus
931 2512 1028 2558 istis
1056 2521 1103 2558 et
1138 2513 1420 2560 transitoriis
1459 2513 1630 2576 rebus,

212 2588 521 2654 quaerendam
552 2589 628 2636 vel
661 2590 1046 2638 constituendam
1081 2607 1182 2638 esse
1216 2591 1516 2652 felicitatem,
1550 2593 1635 2639 sed

213 2671 264 2718 in
297 2669 401 2716 solo
439 2668 521 2716 illo
553 2685 668 2716 vero
712 2680 759 2716 et
790 2671 1002 2735 perfecto
1034 2670 1194 2732 bono,
1241 2681 1383 2736 atque
1411 2681 1586 2718 aeterno
1619 2691 1628 2718 :

214 2750 349 2816 quod
368 2750 450 2814 qui
475 2749 621 2796 semel
643 2749 783 2798 fuerit
809 2761 1110 2813 consecutus,
1141 2753 1360 2799 omnium
1391 2752 1634 2799 bonorum

215 2827 512 2876 abundantia
548 2827 727 2874 fruetur
759 2828 1099 2894 satiabiturque
1117 2866 1129 2890 ‚
1172 2831 1344 2877 timore
1398 2829 1634 2878 malorum
