2086 3528
500 397 578 436 272
882 393 1224 433 HISTORIARUM
1252 394 1435 432 CAROLI
1463 395 1534 430 VII

499 479 835 544 linquendum.
879 477 1024 535 Quod
1060 487 1220 524 tamen
1256 479 1372 526 novi
1405 477 1647 543 impositio
1678 475 1922 539 vectigalis

501 574 583 604 seu
624 554 816 619 gabellae
847 555 955 602 salis
987 571 1180 602 causam
1214 555 1491 618 hujusmodi
1515 554 1697 602 dissidii
1726 553 1922 600 minime

501 634 786 701 praestiterit,
813 649 869 679 ex
887 632 1080 679 duobus
1104 632 1364 697 probabilis
1386 633 1542 680 afferri
1560 641 1713 696 potest
1730 630 1922 694 conjec-

502 724 608 759 tura
629 729 639 759 :
661 727 761 758 uno
779 746 791 769 ‚
818 710 951 774 quod
971 710 1073 775 ipse
1102 710 1346 775 Philippus
1360 748 1371 768 ,
1400 710 1621 758 confecto
1641 707 1924 772 hujusmodi

502 790 654 849 bello,
686 788 881 834 victoria
916 787 1130 852 plenaria
1155 788 1334 853 potitus
1351 825 1363 847 ,
1389 789 1453 835 ita
1484 798 1536 834 ut
1559 788 1701 834 etiam
1729 784 1917 832 Ganda-

503 884 617 913 vum
642 864 916 912 exstinxisse
942 863 1077 911 facile
1098 865 1352 929 potuisset,
1379 865 1417 911 si
1441 865 1484 911 ei
1502 863 1814 922 collibuisset,
1834 849 1924 909 nec

503 947 614 1011 ipsis
633 945 985 1002 Gandensibus,
1008 962 1165 1010 neque
1181 945 1284 993 aliis
1296 945 1526 992 Flandriae
1540 945 1728 1010 populis
1741 943 1935 990 dictum-

505 1024 702 1088 vectigal
734 1023 1018 1088 imposuisse
1056 1024 1326 1083 invenitur;
1369 1024 1546 1081 altero,
1580 1023 1718 1086 quia,
1755 1022 1794 1068 si
1832 1037 1923 1086 pro

503 1101 753 1150 communi
775 1101 921 1147 totius
946 1100 1172 1148 Flandriae
1195 1100 1374 1148 tuenda
1406 1100 1623 1148 libertate
1644 1098 1925 1163 hujusmodi

504 1179 819 1243 suscepissent
865 1177 1045 1225 bellum
1061 1216 1071 1233 ‚
1120 1178 1374 1225 verisimile
1421 1187 1492 1225 est
1542 1177 1675 1242 quod
1720 1176 1924 1223 aliorum

505 1259 798 1322 oppidorum
828 1265 874 1302 et
910 1256 1203 1320 populorum
1241 1255 1425 1302 favores
1459 1265 1600 1319 atque
1639 1253 1812 1302 auxilia
1839 1252 1924 1300 ha·

503 1334 742 1391 buissent‚
778 1342 826 1379 et
856 1333 988 1396 quod
1010 1370 1021 1390 ‚
1055 1349 1144 1397 pro
1168 1332 1520 1379 contribulibus
1546 1342 1591 1379 et
1613 1331 1778 1379 vicinis
1806 1330 1928 1378 mili-

505 1411 653 1458 tando
670 1427 867 1475 seseque
886 1420 1099 1457 extremo
1123 1420 1417 1476 exponentes
1446 1428 1533 1474 pro
1560 1410 1672 1475 ipsis
1693 1408 1922 1474 periculo,

434 1530 439 1539 .
505 1488 566 1535 ab
599 1490 665 1536 eis
703 1489 877 1536 deserti
919 1499 963 1535 et
996 1489 1084 1536 soli
1114 1489 1262 1536 relicti
1297 1506 1397 1535 non
1443 1488 1663 1545 fuissent,
1699 1486 1952 1552 quemad--

506 1566 707 1613 modum
731 1582 895 1613 revera
913 1567 1041 1631 ipsos
1065 1567 1192 1613 solos
1217 1567 1409 1614 relictos
1432 1577 1478 1614 et
1501 1566 1702 1614 alioruin
1725 1566 1928 1631 oppido-

506 1661 614 1691 rum
637 1643 822 1690 auxiliis
844 1644 1095 1691 destitutos
1121 1645 1261 1691 fuisse
1285 1654 1472 1691 constat
1491 1648 1518 1690 ¹.

573 1722 758 1768 Utravis
778 1731 936 1768 tamen
952 1738 1096 1768 causa
1109 1723 1353 1779 exstiterit,
1377 1731 1564 1769 constat
1581 1711 1929 1768 atrocissimum

506 1798 961 1863 acerbissimumque
1003 1799 1181 1847 bellum
1213 1800 1441 1846 obortum
1473 1800 1615 1847 fuisse
1645 1800 1770 1846 inter
1799 1799 1929 1864 ipsos

507 1887 553 1923 et
592 1877 838 1941 praefatum
871 1878 1140 1942 principem
1173 1889 1337 1924 suum:
1369 1880 1485 1924 Nam
1512 1878 1601 1942 ipsi
1637 1877 1761 1923 intra
1788 1891 1929 1924 suum

509 1954 798 2002 advocantes
829 1955 1066 2020 oppidum
1095 1966 1214 2020 quot
1237 1966 1461 2020 poterant
1488 1955 1614 2003 bello
1646 1955 1848 2003 idoneos
1883 1962 1930 2000 et

509 2042 701 2095 vegetos
722 2049 928 2096 corpore
958 2050 1013 2080 ex
1038 2033 1209 2079 vicinis
1229 2034 1351 2096 agris
1375 2043 1421 2080 et
1441 2033 1562 2079 villis
1576 2069 1587 2091 ‚
1614 2049 1724 2080 cum
1746 2032 1929 2096 magnis

507 2110 776 2173 agminibus
804 2109 1021 2174 peditum
1047 2111 1250 2174 (equites
1273 2111 1402 2157 enim
1430 2109 1672 2157 habebant
1696 2109 1926 2175 paucos),

507 2187 711 2251 patriam
748 2186 838 2233 hac
876 2197 921 2234 et
957 2187 1065 2234 illac
1103 2197 1440 2252 pervagantes,
1479 2196 1524 2233 et
1559 2187 1749 2252 rapinas
1786 2195 1930 2250 atque

508 2262 692 2327 praedas
717 2272 927 2326 agentes,
956 2273 1190 2310 suammet
1213 2264 1302 2328 ipsi
1325 2263 1527 2328 patriam
1551 2262 1758 2310 caedibus
1786 2272 1930 2327 atque

509 2339 743 2386 incendiis
762 2339 1072 2387 devastabant
1095 2359 1104 2386 :
1131 2341 1192 2387 ita
1210 2340 1366 2404 quod,
1387 2340 1550 2406 paucis
1565 2339 1778 2387 decursis
1794 2356 1931 2387 men-

509 2417 658 2480 sibus,
684 2418 747 2466 ad
770 2420 983 2483 quinque
1007 2429 1054 2466 et
1076 2435 1154 2466 sex
1177 2419 1395 2466 milliaria
1419 2419 1490 2466 vel
1515 2418 1737 2484 amplius,
1759 2427 1858 2466 tam
1881 2418 1928 2465 in

566 2587 604 2624 1.
636 2586 705 2623 Ces
726 2583 872 2622 raisons
891 2583 1107 2636 specieuses
1128 2583 1300 2623 tombent
1318 2583 1459 2623 devant
1477 2586 1533 2623 les
1561 2585 1801 2624 documents.
1826 2586 1932 2623 Nous

510 2657 631 2683 avons
658 2643 692 2681 le
722 2643 895 2682 discours
919 2644 1115 2696 prononce
1140 2657 1209 2696 par
1234 2644 1270 2682 le
1294 2644 1369 2682 duc
1393 2644 1441 2683 de
1467 2648 1697 2698 Bourgogne
1725 2645 1931 2684 lui-meme

511 2706 531 2741 a
558 2702 797 2742 l’assemblee
823 2703 870 2742 de
903 2703 940 2742 la
970 2707 1116 2743 Collace
1136 2718 1235 2756 pour
1264 2718 1422 2743 amener
1451 2706 1504 2744 les
1537 2706 1696 2745 Gantois
1720 2708 1742 2744 ὲ
1770 2719 1811 2745 se
1836 2719 1930 2745 sou-

511 2773 647 2802 mcttre
667 2765 687 2801 a
710 2763 746 2802 la
764 2763 927 2816 gabelle.
955 2764 1046 2802 Voir
1065 2764 1100 2803 le
1121 2764 1300 2815 Dagboek
1320 2767 1388 2802 der
1407 2767 1586 2803 Genaesclze
1604 2768 1753 2803 collatie
1767 2795 1778 2815 ‚
1799 2764 1931 2818 public

511 2837 582 2875 par
597 2826 649 2861 M.
670 2823 852 2875 Schayes‚
875 2832 911 2861 et
932 2823 967 2862 le
987 2824 1082 2862 recit
1099 2823 1147 2863 de
1166 2826 1220 2865 M.
1241 2826 1402 2875 Kervyn
1423 2824 1471 2863 de
1492 2824 1749 2873 Lettenhove,
1768 2828 1933 2864 Hit-coire

511 2885 559 2920 de
576 2885 764 2921 Flandres
777 2911 788 2931 ,
810 2883 837 2920 l.
858 2885 964 2922 XVI.
