2086 3528
732 334 879 371 LIBER
912 332 1156 382 QUARTUS.
1586 332 1664 370 205

245 416 530 466 nominatim
551 414 926 481 comprehensus
939 452 952 476 ‚
974 423 1143 461 neutra
1166 427 1275 478 pars
1288 411 1337 459 in
1357 429 1469 459 eum
1485 413 1664 478 aliquid

245 494 418 543 hostile
439 503 700 557 attentans,
727 511 755 541 a
788 503 987 559 ruptura
1020 503 1068 541 et
1099 491 1359 539 violatione
1392 501 1663 556 treugarum

247 589 298 620 se
318 570 904 619 rationabiliter'excusare
926 570 1174 636 potuisset.

313 651 423 697 Haec
444 649 583 713 igitur
601 649 686 696 fuit
709 647 963 714 represalia
981 665 1064 695 seu
1080 647 1351 712 pignoratio
1374 647 1551 712 prima,
1575 665 1667 712 pro

248 736 444 792 captura
467 725 634 792 oppidi
651 726 861 791 praedicti
883 726 944 773 de
965 725 1191 789 Fulgeriis
1207 762 1220 786 ‚
1244 724 1448 788 Anglicis
1463 725 1666 773 reddita.

249 807 308 852 Et
336 805 376 852 si
398 804 595 869 quidem
618 804 777 852 adhuc
811 805 901 870 ipsi
927 803 1134 869 Anglici‚
1175 819 1389 850 errorem
1414 821 1553 850 suum.
1587 821 1670 851 co-

251 887 532 948 gnoscentes
548 919 560 943 ‚
609 883 978 930 satisfactionem
1017 882 1194 946 justam
1236 897 1326 946 pro
1367 898 1455 928 suo
1499 882 1671 946 injuste

252 964 482 1008 attentato
522 959 709 1007 realiter
744 958 1054 1019 obtulissent,
1097 957 1339 1005 ferebatur
1375 961 1668 1007 Francorum

252 1053 413 1102 regem
452 1054 510 1084 ex
544 1046 679 1102 parte
713 1053 798 1084 sua
834 1036 1202 1083 satisfactionem
1230 1035 1433 1100 Anglicis
1462 1036 1634 1084 offerre
1653 1075 1665 1098 ‚

253 1124 536 1180 treugasque
560 1131 711 1178 usque
741 1114 802 1161 ad
840 1113 1060 1160 ultimum
1086 1129 1256 1160 eorum
1297 1114 1554 1161 terminum
1591 1132 1673 1163 vo⁴

253 1193 396 1242 luisse
418 1209 622 1241 servare.

724 1339 1067 1385 CAPITULUM
1099 1339 1199 1384 XV.

375 1451 535 1495 Qualiter
549 1450 706 1486 Conchis
721 1459 755 1485 et
770 1450 983 1485 Vernolium
997 1462 1062 1497 per
1078 1450 1234 1485 Francos
1251 1458 1391 1497 recepta
1407 1450 1562 1486 fuerunt.

325 1556 420 1604 Sed
443 1573 556 1604 cum
591 1554 856 1619 Anglorum
895 1552 1120 1618 superbia
1148 1563 1292 1617 atque
1323 1555 1518 1601 avaritia
1547 1554 1608 1602 ad
1631 1555 1679 1602 id

261 1635 456 1683 minime
475 1634 600 1681 flecti
622 1641 844 1698 possent,
871 1647 971 1677 non
997 1647 1055 1677 eo
1078 1647 1229 1693 usque
1259 1631 1506 1678 dumtaxat
1534 1635 1682 1679 Fran-

260 1730 430 1762 corum
452 1713 674 1777 quievere
689 1719 906 1758 conatus.
927 1709 1185 1773 Floquetus
1199 1745 1211 1767 ‚
1235 1709 1318 1773 qui
1334 1708 1452 1756 alter
1466 1726 1523 1757 ex
1543 1713 1684 1757 Fran-

262 1807 430 1839 corum
453 1789 628 1836 militiae
651 1787 855 1835 ducibus
884 1786 946 1834 ad
981 1786 1249 1834 custodiam
1278 1787 1480 1834 civitatis
1511 1787 1686 1834 Ebroi-

263 1868 417 1916 censis
439 1867 737 1932 capitaneus¹
753 1875 872 1924 erat,
895 1873 1090 1910 centum
1112 1863 1296 1911 habens
1315 1864 1504 1912 lanceas
1528 1864 1617 1911 sub
1637 1881 1685 1911 se

264 1945 700 1994 strenuissimorum
736 1942 992 1999 militum²‚
1020 1940 1307 2005 oppidulum
1338 1942 1572 1989 Conchis³
1599 1958 1686 2007 per

266 2024 577 2071 industriosas
611 2020 864 2085 occupavit
898 2018 1107 2065 insidias.
1152 2019 1337 2066 Deinde
1370 2020 1544 2078 etiam,
1586 2037 1687 2067 non

267 2100 427 2148 multis
446 2098 650 2147 subinde
667 2098 877 2146 decursis
893 2095 1087 2155 diebuS‚
1110 2096 1317 2143 >factione
1346 2097 1485 2144 unius
1512 2097 1688 2144 multo-

269 2179 392 2226 rum‘
409 2178 515 2242 qui,
547 2177 682 2241 juxta
704 2184 894 2240 portam
916 2172 1130 2222 Vernolii
1151 2210 1163 2235 ,
1188 2173 1236 2220 in
1264 2173 1476 2237 quodam
1507 2174 1690 2221 molen-

327 2299 367 2338 1.
394 2297 427 2336 11
449 2297 531 2336 faut
548 2295 721 2335 tra’duire
743 2295 866 2333 bailli.

326 2360 365 2396 2.
398 2358 431 2396 Il
462 2358 552 2397 etait
581 2357 737 2397 devenu
762 2357 845 2394 l’un
872 2355 940 2394 des
969 2353 1178 2406 capitaines
1204 2353 1272 2392 des
1299 2354 1544 2406 compagnies
1576 2353 1692 2406 regu-

272 2418 387 2457 liercs
408 2418 502 2457 dont
518 2418 761 2457 l'institution
781 2431 804 2456 a
823 2417 883 2456 ete
906 2415 1112 2469 rapportee
1134 2414 1341 2454 ci-dessus.

330 2481 367 2516 3.
395 2478 586 2526 Conches‚
611 2476 858 2526 aujourd‘hui
879 2475 973 2514 dans
992 2475 1029 2514 le
1051 2474 1318 2526 departement
1336 2474 1385 2513 de
1406 2474 1550 2513 l‘Eure.

331 2541 369 2576 4.
405 2556 424 2574 ιι
443 2538 686 2586 Vernolium,
710 2537 808 2576 infra
825 2536 1072 2576 Normanniae
1091 2535 1289 2584 terminos,
1311 2536 1351 2573 in
1370 2534 1557 2586 praesidiis
1572 2534 1694 2571 Fran-

277 2598 344 2636 ciae
364 2607 645 2648 constructum,
663 2598 825 2637 circuitu
850 2611 1049 2636 murorum
1075 2596 1372 2648 amplissimum,
1394 2594 1561 2633 aedificiis
1582 2601 1697 2631 tenue

279 2659 490 2710 repletum,
521 2659 610 2702 satis
642 2659 739 2697 forte
759 2667 925 2698 castrum
955 2667 992 2696 et
1025 2656 1318 2696 munitissimam
1347 2656 1483 2694 turrim
1509 2654 1693 2692 continet.

281 2723 326 2757 In
345 2719 462 2757 fossas
490 2719 732 2757 diversorum
757 2719 920 2757 fontium
944 2718 1061 2757 rivuli
1097 2717 1228 2766 jocoso
1268 2728 1465 2755 murmure
1494 2713 1697 2763 labuntur3

285 2779 424 2818 deinde
449 2792 551 2830 aqua
577 2778 772 2831 profluens
797 2791 867 2830 per
884 2778 987 2816 muri
1018 2777 1247 2825 fenestram,
1268 2776 1367 2814 infra
1394 2774 1564 2813 Vernolii
1591 2774 1699 2813 clau-

286 2853 414 2879 suram
441 2849 616 2892 stagnum
642 2847 724 2877 arte
750 2839 966 2879 confectum
987 2838 1146 2890 implet,
1175 2846 1212 2876 et
1234 2845 1363 2884 extra,
1390 2835 1500 2884 juxta
1531 2835 1697 2882 moenia,
