2086 3528
773 369 920 405 LIBER
951 369 1181 417 QUINTUS.
1228 367 1229 370 '
1581 402 1586 415 ,
1616 372 1687 409 301

268 451 467 510 tionem,
491 450 804 513 reintegratus
819 459 867 497 et
888 451 1133 498 restitutus
1155 450 1261 511 fuit,
1290 451 1477 499 favente
1496 452 1693 516 quid-em

267 538 315 575 et
334 527 599 593 gratulante
620 527 859 594 Philippo,
886 528 1284 592 Burgundionum
1307 528 1448 591 duce,
1472 530 1550 576 cui
1570 533 1697 576 Hen-

268 607 354 654 rici
377 606 547 670 ejectio
573 615 618 652 et
648 606 858 653 Edoardi
890 607 1066 654 erectio
1094 623 1194 653 nou
1220 624 1388 672 parum
1428 609 1523 655 suis
1553 608 1698 655 rebus

242 681 576 732 'stabilimenti
595 684 814 731 contulit.
838 687 956 731 Nam
985 684 1054 743 si,
1081 685 1384 749 permittente
1408 688 1536 748 De0,
1563 704 1698 752 aeque

271 770 324 808 ut
339 759 531 807 duobus
548 759 789 825 prioribus
809 761 998 826 praeliis,
1023 760 1165 808 etiam
1184 761 1232 807 in
1252 763 1408 820 tertio,
1428 763 1634 810 Henrico
1652 773 1700 811 et

272 839 369 886 suis
399 838 664 886 fautoribus
685 839 876 886 fortuna
898 839 1217 899 secundasset‚
1245 840 1437 904 suisque
1460 841 1700 889 exstinctis

273 912 514 978 hostibus,
551 918 683 982 regni
718 918 911 981 integris
941 917 1122 965 viribus
1153 918 1334 983 potitus
1365 918 1527 966 fuisset
1549 956 1560 977 ‚
1600 936 1699 966 non

274 993 479 1042 dubium
507 994 623 1058 quin
656 994 940 1058 Burgundiae
963 993 1151 1041 'domus
1186 995 1236 1040 in
1265 995 1519 1042 discrimen
1554 997 1703 1042 maxi-

275 1088 411 1120 mum
443 1071 998 1137 periculosissimumque
1029 1071 1236 1119 deducta
1272 1072 1463 1132 fuisset,
1494 1073 1703 1120 duorum

276 1150 722 1216 potentissimorum
751 1166 1010 1214 regnorum
1045 1151 1250 1197 Franciae
1277 1161 1324 1197 et
1361 1151 1557 1215 Angliae‚
1593 1169 1703 1199 suo·

277 1245 483 1293 rumque
513 1238 583 1275 tot
612 1227 956 1275 foederatorum
991 1237 1134 1293 atque
1171 1229 1507 1276 auxiliatorum
1541 1246 1705 1294 aggre-

279 1306 455 1353 dienda
505 1306 672 1362 armis,
721 1321 778 1352 ac
822 1304 1004 1352 viribus
1048 1306 1160 1352 totis
1205 1307 1538 1371 expugnanda.
1588 1311 1707 1355 Nam

281 1383 532 1447 utriusque
561 1383 684 1446 regis
711 1383 923 1441 animUS,
957 1382 1184 1430 adversus
1207 1384 1361 1449 ipsam
1392 1385 1593 1431 domum
1618 1386 1708 1432 im-

280 1460 503 1527 placabili
536 1477 673 1525 paene
704 1460 820 1508 odio
850 1461 1087 1508 animatus
1122 1472 1169 1508 et
1199 1463 1492 1521 concitatus,
1519 1463 1580 1510 ad
1604 1480 1709 1510 eam

283 1538 653 1605 opprimendam
672 1537 1092 1603 subruendamque
1116 1556 1215 1586 non
1237 1540 1441 1587 dubium
1461 1542 1575 1605 quin
1599 1542 1711 1588 totis

283 1616 465 1663 viribus
490 1616 801 1663 incubuisset.
827 1619 991 1680 Itaque
1025 1617 1286 1665 simultates
1315 1619 1438 1664 inter
1473 1619 1713 1684 principes

284 1694 547 1742 Galliarum
589 1694 672 1741 diu
708 1704 903 1741 servatae
939 1703 984 1741 et
1030 1695 1219 1742 nutritae
1261 1696 1406 1742 etiam
1448 1697 1714 1743 Britannias

286 1773 540 1836 agitaruut.
574 1773 624 1817 ln
652 1770 826 1835 quibus
855 1787 966 1817 cum
998 1771 1232 1819 intestinae
1255 1771 1514 1820 seditiones
1550 1773 1716 1838 praelu-

288 1850 484 1909 derent,
527 1849 588 1896 de
629 1858 805 1895 eventu
840 1847 916 1894 vel
948 1849 1290 1896 conservanda:
1330 1849 1404 1896 vel
1450 1850 1716 1898 evertendae

289 1927 466 1975 domus
495 1925 780 1989 Burgundiae
806 1925 854 1971 in
886 1924 1060 1972 effectu
1091 1925 1378 1985 certabatur,
1411 1929 1717 1993 civiliumque

289 2005 582 2053 Gallicarum
619 2003 972 2051 discordiarum
1012 2004 1309 2067 fragmentis,
1347 2022 1452 2070 quae
1488 2007 1534 2053 in
1576 2024 1718 2054 suum

291 2098 496 2145 regnum
517 2081 818 2139 invexerant,
847 2080 983 2144 Angli
1019 2081 1142 2128 miro
1182 2091 1230 2128 et
1265 2082 1545 2130 lacrimabili
1577 2085 1719 2131 exitio

293 2159 445 2208 collisi
467 2167 596 2206 sunt.

361 2240 471 2285 Erat
489 2237 591 2301 jam
614 2246 719 2283 tum
743 2235 873 2301 apud
897 2236 1295 2300 Burgundionum
1324 2236 1497 2284 ducem
1524 2238 1721 2303 Delphi-

297 2332 414 2375 nuS,
453 2314 514 2362 de
551 2331 648 2379 quo
685 2330 828 2379 supra
872 2316 1278 2374 memoravimus3
1310 2316 1394 2380 qui
1433 2316 1623 2381 qualem
1671 2317 1720 2363 in

299 2409 440 2440 suum
473 2394 764 2457 genitorem,
796 2393 988 2440 Henrici
1008 2429 1020 2452 ,
1057 2403 1108 2440 ut
1138 2393 1345 2440 diximus
1366 2430 1378 2453 ,
1417 2395 1632 2459 partibus
1656 2395 1722 2440 fa-

299 2480 515 2532 ventem,
543 2481 724 2534 gereret
745 2470 1049 2531 charitatem,
1075 2472 1123 2518 in
1152 2471 1242 2519 illis
1266 2472 1546 2519 tumultibus
1566 2473 1727 2535 Angli—

303 2552 434 2600 canis
463 2551 675 2598 indicare
710 2568 810 2598 non
845 2553 1023 2599 omisit.
1054 2555 1174 2600 Nam
1203 2554 1250 2600 in
1286 2555 1426 2600 tertio
1454 2553 1536 2600 illo
1562 2553 1725 2617 praelio

303 2631 562 2696 quemdam
586 2631 875 2694 armigerum
907 2649 1074 2694 suum,
1103 2633 1330 2680 vexillum
1359 2633 1587 2680 ferentem
1604 2670 1615 2688 ,
1640 2632 1727 2679 ha-

305 2709 463 2756 buisse
488 2709 652 2768 fertur,
677 2726 789 2756 cum
812 2709 970 2774 aliqua
995 2712 1248 2758 satellitum
1280 2727 1453 2772 manu,
1483 2727 1627 2774 quam
1647 2711 1728 2758 illo

310 2786 707 2850 Burgundionum
730 2786 827 2833 dux
856 2787 1117 2835 destinarat
1147 2788 1208 2835 ad
1239 2789 1462 2835 auxilium
1500 2789 1723 2835 Edoardi.

312 2867 479 2917 Fuerat
505 2880 678 2929 nempe
712 2863 961 2913 Edoardus
991 2881 1103 2912 cum
1129 2883 1226 2912 uno
1259 2875 1339 2913 aut
1364 2865 1555 2914 duobus
1580 2866 1731 2914 fratri-
