2086 3528
735 329 882 368 LIBER
907 329 1129 373 TERTIUS.
1569 335 1646 382 1447

107 395 109 409 ³
145 430 148 434 ·
226 423 362 476 runt3
405 415 487 480 qui
506 447 520 476 ,
559 423 818 480 postquam
850 415 1056 464 militum
1104 416 1238 466 furor
1267 417 1459 468 sedatus
1492 430 1614 469 esset
1630 459 1643 484 ‚

226 492 426 558 reperti,
452 491 627 558 captivi
647 491 822 539 servati
843 503 971 540 sunt.

290 569 464 636 Taliter
485 570 627 634 igitur
658 569 916 618 Pontisarae
951 570 1187 639 oppidum
1224 585 1549 641 expugnatum
1574 592 1651 626 re-

226 658 517 715 ceptumque
538 649 678 709 suit¹3
709 648 840 696 unde
862 650 994 715 regia
1011 650 1091 698 illa
1113 651 1401 699 Parisiorum
1432 653 1549 702 urbs
1570 659 1651 702 ‘ut—

226 740 434 794 cumque
454 728 686 794 respirare
711 728 889 794 incepit
911 728 1032 776 etin
1057 727 1307 776 meliorem
1331 738 1508 778 statum
1529 745 1652 779 oon-

226 806 463 856 valescere
480 843 493 870 ,
541 821 654 855 cum
673 841 686 868 ‚
742 802 936 872 excepta
979 806 1205 855 inferiore
1249 817 1385 873 parte
1421 811 1653 875 Sequanae

231 876 384 951 usque
413 884 537 933 infra
558 884 865 944 Meduntam,
903 883 1104 932 liberam
1129 900 1218 950 per
1252 885 1418 934 omnia
1450 887 1653 937 flumina

222 963 324 1028 jam
347 963 701 1029 navigationem
723 962 938 1010 haberet.

688 1140 1032 1202 'CAPrrULUM
1067 1154 1191 1203 xvl.

273 1285 424 1335 Capitur
439 1297 460 1322 ι
473 1285 618 1321 Francis
634 1285 756 1322 civitas
770 1284 952 1330 Ebroicis',
967 1294 1002 1321 et
1025 1297 1087 1322 rex
1108 1286 1348 1335 proficiscitur
1363 1287 1410 1324 ad
1433 1290 1606 1336 ranas-in

834 1346 1036 1393 Aquitania.

293 1454 388 1507 Sed
434 1472 525 1506 nec
570 1455 890 1506 infortunium
932 1454 1212 1523 hujusmodi
1259 1457 1418 1508 solum
1458 1459 1656 1512 obvenit

227 1535 408 1603 Anglis,
435 1538 599 1584 Stante
622 1535 751 1583 enim
774 1532 934 1584 adhuc
957 1534 1209 1585 obsidione
1227 1536 1288 1585 ad
1311 1538 1650 1603 Pontisaram¹‚

228 1632 353 1664 unus
400 1614 472 1663 vir
508 1612 685 1662 nobilis
717 1623 766 1661 et
806 1623 1027 1661 strenuus
1062 1631 1089 1662 e
1123 1615 1441 1664 Caletensium
1474 1615 1654 1666 finibus

228 1693 478 1756 oriundus,
493 1700 819 1758 cognomento
835 1693 880 1739 F
878 1692 1099 1759 locquet⁸,
1116 1690 1200 1758 qui
1216 1692 1313 1740 dux
1328 1694 1445 1742 certi
1464 1697 1654 1745 numeri

229 1772 433 1821 militum
457 1773 581 1820 inter
614 1773 825 1819 Francos
847 1778 949 1819 erat
962 1809 973 1831 ,
1008 1770 1246 1820 civitatem
1268 1771 1483 1821 Ebroicis
1504 1784 1652 1823 noctu

228 1849 443 1900 introivit
473 1858 521 1898 et
551 1847 711 1914 Anglis
737 1847 946 1897 abstulit.
982 1850 1095 1897 Erat
1125 1851 1253 1897 enim
1276 1849 1407 1898 idem
1427 1850 1655 1919 Flocquet

228 1946 318 1997 pro
357 1927 577 1977 custodia
605 1927 843 1975 Lociveris
879 1925 1163 1994 deputatus;
1205 1927 1289 1975 sed
1319 1928 1512 1993 ingenio
1543 1944 1653 1979 acer

228 2005 278 2057 in
296 2007 441 2058 rebus
461 2005 644 2056 bellicis
672 2020 915 2072 manuque
943 2002 1196 2073 promptus
1212 2041 1226 2064 ‚
1260 2003 1428 2055 vicinis
1450 2009 1652 2058 civitati-

230 2085 321 2136 bus
367 2085 441 2135 vel
494 2083 684 2152 oppidis
702 2122 714 2145 ‚
766 2101 872 2150 quae
925 2083 1229 2150 occupabant
1273 2082 1457 2150 Anglici
1478 2124 1490 2148 ,
1545 2087 1654 2134 insi-

233 2163 368 2215 dians
392 2162 674 2213 imminebat
696 2177 900 2229 semper.
928 2160 1086 2221 Unde,
1114 2177 1227 2211 cum
1246 2161 1471 2229 praedicta
1487 2165 1653 2214 civitas

233 2244 448 2307 Ebroicis
472 2260 573 2291 non
611 2239 703 2290 nisi
735 2240 948 2308 quinque
970 2242 1120 2290 leucis
1151 2256 1179 2290 a
1203 2241 1458 2290 Locoveris
1480 2242 1621 2292 distet
1638 2282 1649 2303 ‚

232 2340 320 2392 per
361 2321 688 2372 internuncios
723 2319 801 2368 vel
840 2318 1056 2387 captivos
1095 2318 1298 2367 modum
1336 2321 1519 2369 invenit
1569 2340 1655 2388 per

235 2413 380 2467 quem
399 2437 412 2460 ,
457 2408 683 2465 corrupto
714 2407 762 2445 et
794 2406 1083 2463 cooperante
1121 2397 1336 2463 quodam
1377 2414 1435 2446 ex
1474 2398 1656 2447 civibus

235 2494 446 2545 paupere
468 2515 480 2539 ,
519 2476 603 2542 qui
632 2476 682 2523 in
714 2475 840 2524 vallo
869 2475 1085 2541 ejusdem
1122 2475 1321 2524 civitatis
1360 2477 1533 2542 piscari
1557 2487 1656 2524 erat

237 2556 403 2605 solitus
420 2593 432 2617 ‚
469 2553 805 2603 circumventis
836 2571 924 2620 per
954 2556 1112 2620 ipsum
1139 2554 1440 2620 proditorem
1466 2554 1659 2603 excubi-

294 2722 333 2759 1.
362 2720 418 2756 Le
437 2719 487 2756 19
502 2715 718 2769 septembre
735 2719 852 2757 1441.

294 2780 335 2818 2.
363 2779 414 2816 Ce
429 2777 485 2814 fut
504 2777 525 2814 a
545 2776 584 2815 la
599 2777 652 2815 fin
665 2776 712 2815 de
727 2776 767 2815 la
783 2776 955 2816 semaine
970 2778 1040 2829 qui
1054 2779 1221 2831 preceda
1231 2779 1268 2818 la
1281 2779 1384 2832 prise
1401 2778 1449 2818 de
1465 2778 1659 2821 Pontoise.

296 2839 336 2876 3.
365 2835 511 2877 Robert
528 2834 576 2876 de
593 2835 800 2888 Flocques‚
818 2835 875 2876 dit
889 2839 1059 2888 Floquet.
