2086 3528
763 347 911 389 LIBER
937 347 1171 394 QUINTUS.
1200 377 1202 379 -
1601 349 1673 388 311

266 447 372 485 cem
408 446 494 502 per
514 439 624 480 ante
653 427 844 482 duobus
878 429 1215 494 potentissimis
1239 429 1520 486 adversariis
1542 441 1685 496 atque

266 507 506 568 hostibuS,
531 505 789 565 Lanceloto
821 506 1030 571 primum
1046 544 1059 568 ,
1085 511 1423 571 Hungarorum
1446 523 1556 573 rege
1572 545 1584 569 ‚
1612 525 1685 555 se·

267 585 430 643 cundo
463 585 670 636 Henrico
691 620 704 643 ,
743 584 1004 649 Anglorum
1040 602 1179 649 rege,
1208 602 1342 650 paene
1383 596 1514 634 extra
1551 603 1685 651 spem

266 661 522 715 homiuum
561 662 808 712 liberasset
827 699 840 723 ‚
893 662 1034 712 tertio
1079 663 1223 712 etiam
1269 673 1316 711 et
1362 664 1522 711 Caroli
1563 664 1688 728 regis

266 741 584 807 potentissimi
606 741 748 789 minis
769 757 823 788 ac
842 740 1103 789 terroribus
1124 740 1329 789 absolvit
1350 752 1398 790 et
1418 743 1609 791 exemit.
1629 745 1685 790 ln

267 818 443 889 quibus
465 819 680 885 profecto
703 817 891 866 casibus
915 818 1066 867 videri
1089 818 1326 883 aliquibus
1349 829 1507 884 potest
1530 822 1689 869 Deum

267 897 483 962 ejusdem
513 898 648 948 ducis
684 897 948 963 specialiter
979 906 1301 963 protectorem
1332 907 1475 962 atque
1512 914 1710 963 propur

267 984 517 1044 gnatorem
535 1013 547 1037 ,
575 985 622 1023 et
643 975 693 1026 in
715 991 803 1025 sua
822 974 1128 1028 tribulatione
1151 975 1200 1024 in
1227 975 1585 1040 opportunitate
1606 973 1692 1022 ad-

265 1052 479 1118 jutorem,
498 1052 659 1101 fuisse.

333 1130 465 1184 Obiit
486 1140 646 1181 autem
664 1131 808 1183 aetatis
831 1147 926 1180 suae
950 1146 1079 1178 anno
1109 1130 1399 1194 sexagesimo
1421 1131 1581 1195 primo
1599 1167 1612 1192 ‚
1641 1130 1691 1178 in

267 1219 424 1262 castro
463 1209 542 1266 cui
582 1225 763 1258 nomen
804 1207 1111 1269 Modinum¹,
1151 1207 1214 1255 ab
1254 1207 1372 1255 urbe
1413 1208 1694 1256 Bituricensi

267 1286 473 1341 distante
494 1297 702 1351 quatuor
719 1286 885 1346 leuciS,
901 1303 1031 1346 cum,
1045 1296 1098 1334 ut
1117 1285 1441 1352 praediximus,
1456 1295 1697 1350 regnasset

268 1380 422 1412 annos
459 1365 650 1428 triginta
689 1380 884 1412 novem.
926 1363 1058 1410 Obiit
1099 1374 1260 1413 autem
1299 1374 1521 1413 currente
1562 1380 1692 1412 anno

269 1441 524 1490 dominicae
546 1442 887 1490 incarnationis
905 1458 1176 1503 mmmmm,
1198 1443 1248 1490 in
1269 1441 1346 1489 die
1363 1442 1515 1490 beatae
1535 1443 1693 1489 Mariae

268 1519 557 1584 Magdalenae
569 1523 598 1581 ²,
627 1536 792 1567 mense
809 1519 949 1583 julio.
973 1522 1071 1567 Nec
1092 1521 1195 1568 sine
1215 1520 1388 1568 veneni
1419 1519 1694 1584 suspicione

269 1615 399 1646 mors
416 1599 518 1664 ipsa
533 1598 731 1661 contigit
753 1615 763 1645 :
788 1597 922 1662 quod
938 1598 1038 1664 ipse
1058 1597 1218 1649 adhuc
1241 1613 1363 1661 aeger
1378 1596 1692 1656 decumben5‚

269 1677 524 1743 saepissime
557 1684 762 1741 quaestus
794 1675 935 1722 fuisse
966 1675 1158 1722 dicitur.
1192 1674 1284 1722 Sed
1316 1682 1365 1722 et
1390 1674 1517 1722 hanc
1546 1674 1698 1739 suspi-

269 1755 461 1802 cionem
483 1770 583 1801 non
608 1751 856 1800 modicum
880 1752 1094 1814 adauxit,
1124 1752 1257 1817 quod
1286 1751 1474 1799 nullum
1496 1762 1579 1798 aut
1607 1752 1698 1798 mi-

269 1833 458 1881 nimum
492 1832 553 1880 de
577 1832 677 1898 ejus
708 1830 846 1879 obitu
872 1831 1027 1879 dictus
1061 1831 1358 1896 Delphinus,
1383 1830 1485 1894 ejus
1516 1829 1699 1895 primo-

271 1911 474 1976 genitus,
496 1910 680 1957 luctum
705 1909 863 1969 duxit,
890 1909 975 1956 sed
994 1910 1056 1968 ei,
1077 1909 1161 1973 qui
1183 1909 1339 1975 primo
1365 1908 1427 1955 ad
1446 1924 1496 1955 se
1520 1908 1580 1955 de
1602 1906 1699 1954 hoc

270 1988 498 2036 nuntium
518 1987 675 2036 attulit
688 2024 700 2048 ‚
721 1996 954 2051 tanquam
985 1985 1076 2033 sibi
1093 1985 1443 2050 jucundissima
1464 1994 1702 2050 portasset

271 2083 428 2126 nova,
472 2065 675 2113 donaria
719 2064 853 2112 dedit
896 2081 996 2112 non
1039 2063 1410 2112 contemnenda.
1459 2066 1552 2110 Pro
1598 2080 1697 2128 quo

272 2145 434 2205 etiam,
459 2159 572 2190 cum
596 2143 755 2191 statim
777 2143 839 2190 ad
856 2143 1094 2209 oppidum
1111 2142 1394 2202 Hannoniae,
1417 2142 1495 2189 cui
1517 2158 1699 2188 nomen

274 2232 346 2270 est
382 2225 602 2270 Avennes
629 2222 886 2281 Comitis⁸,
913 2238 1015 2268 uno
1049 2221 1127 2269 die
1161 2221 1331 2268 missas
1363 2220 1701 2285 exsequiarum

275 2317 411 2348 more
456 2300 689 2348 mediocri
722 2309 769 2347 et
803 2315 953 2365 parva
991 2317 1104 2348 cum
1146 2298 1448 2346 solemnitate
1492 2297 1597 2345 fieri
1632 2298 1699 2346 fe-

275 2380 442 2440 cisset,
470 2380 576 2444 ipso
601 2379 679 2427 die
712 2389 823 2445 post
845 2379 1116 2439 meridiem,
1144 2396 1194 2426 se
1226 2379 1389 2426 tunica
1422 2378 1704 2426 brevissima

276 2474 334 2506 ex
366 2456 519 2505 rubeo
554 2467 600 2504 et
634 2457 745 2505 albo
785 2474 950 2523 panno
993 2458 1167 2524 partita
1205 2457 1440 2517 vestiens,
1468 2466 1515 2504 et
1556 2465 1701 2521 caput

276 2535 511 2584 similibus
531 2536 707 2601 partito
731 2536 974 2584 coloribus
997 2538 1126 2602 pileo
1145 2536 1449 2602 cooperiens,
1476 2544 1702 2582 venatum

277 2615 510 2681 perrexit,
538 2614 634 2661 suis
667 2614 892 2662 omnibus
926 2615 1069 2663 simili
1099 2615 1279 2664 amictu
1310 2613 1509 2661 ornatis.
1533 2613 1629 2660 Sed
1656 2622 1704 2660 et

334 2749 352 2785 1
365 2778 373 2786 .
404 2746 781 2786 Meun-sur-Yevre.

334 2810 375 2900 ξ.
406 2807 1480 2912 21th‹Jaelsiileiif‘autrefoisAvesnes-le-Cmmte(diaepmtement
1498 2857 1552 2896 du
1569 2856 1689 2896 Nord.
