2086 3528
538 364 612 403 170
919 355 1256 399 HISTORIARUM
1282 354 1466 398 CARO'LI
1490 361 1558 398 VH

536 445 842 502 necessarius,
868 452 980 490 cum
1003 442 1178 490 nullius
1197 444 1257 490 sit
1278 443 1512 504 'efficacia-3,
1539 443 1841 508 quantumin
1855 452 1941 493 nu·

535 534 743 582 merosa,
770 521 870 568 sine
893 519 1062 567 ordine
1086 528 1134 567 et
1156 519 1403 586 disciplina
1425 520 1608 583 militia,
1639 512 1722 568 sed
1755 512 1940 568 latroni*

533 604 725 650 niorum
764 601 922 667 potius
962 609 1105 666 atque
1144 601 1362 649 omnium
1402 603 1656 650 criminum
1701 611 1757 650 ac
1795 601 1940 651 totius

533 680 854 728 dissolutionis
878 679 1073 728 materia
1087 679 1291 727 exsistat.

1026 855 1362 908 CAPITULUM
1394 854 1453 908 V.

579 972 695 1015 Quam
715 972 834 1019 gravia
856 981 889 1007 et
911 971 1111 1019 perniciosa
1129 983 1236 1006 onera
1259 971 1335 1006 haec
1360 971 1525 1017 equestris
1541 970 1756 1008 conductitia
1770 971 1893 1008 militi·

627 1032 828 1067 continuata
846 1031 1011 1075 attulerit,
1020 1031 1144 1077 sitque,
1157 1029 1327 1077 quamdiu
1342 1029 1531 1074 duraverit,
1543 1029 1672 1077 jugiter
1685 1030 1843 1067 allatura.

599 1151 766 1195 Postea
807 1159 923 1195 vero
942 1185 953 1207 ‚
997 1147 1144 1212 pulsis
1184 1146 1251 1206 de*
1288 1146 1579 1193 Normannia
1618 1149 1760 1210 atque
1800 1145 1942 1210 Aqui*

532 1226 659 1272 tania
696 1223 941 1285 hostibus,
982 1228 1030 1271 et
1067 1238 1215 1287 regno
1257 1223 1347 1271 sub
1385 1227 1616 1288 potestate
1650 1219 1939 1270 Fuaneerum

531 1300 690 1348 Caroli
717 1301 839 1364 regis
876 1301 1164 1365 reintegrato
1200 1315 1255 1347 ac
1287 1300 1526 1360 restituto,
1572 1307 1718 1364 quam
1757 1299 1942 1363 gram&
1972 1348 1973 1351 ,

531 1392 676 1444 quam
715 1392 918 1426 onerosa
971 1390 1213 1444 quamque
1251 1378 1519 1445 perniciosa
1555 1376 1781 1424 exstiterit
1815 1375 1946 1425 dieu
1999 1398 2001 1402 ·

532 1456 695 1503 militia
726 1457 957 1520 equestris
980 1458 1132 1522 sitque
1163 1455 1422 1520 aliquando
1455 1455 1612 1502 futura
1635 1462 1815 1519 regne,
1851 1440 1949 1502 nidi·

530 1533 690 1581 divina
729 1532 1004 1599 propitiatio
1047 1542 1256 1594 avertat,
1300 1534 1385 1581 etsi
1419 1533 1634 1599 plerique
1674 1531 1943 1586 hebetiores

530 1620 689 1658 mente
721 1611 821 1658 nen
855 1611 1125 1672 advertant,
1151 1612 1256 1659 viro
1285 1620 1445 1659 tamen
1470 1611 1668 1675 sapienti
1702 1609 1822 1675 (qui
1839 1617 1943 1658 non

530 1688 620 1735 nisi
641 1687 823 1748 bonus,
851 1688 889 1734 si
914 1689 1101 1753 sapiens
1125 1698 1216 1750 est,
1242 1697 1400 1754 potest
1422 1687 1676 1752 exsistere)
1705 1686 1840 1736 facile
1871 1689 1942 1734 est

528 1765 824 1830 perpendere
859 1775 906 1813 et
922 1766 1153 1829 judicare.
1193 1768 1314 1812 Cum
1345 1765 1473 1814 euim
1496 1764 1727 1813 hactenns
1761 1775 1820 1811 ex
1841 1772 1941 1828 que

529 1844 673 1891 semel
697 1844 878 1891 initiata
899 1844 1002 1906 fuit,
1036 1849 1231 1908 urgente
1256 1849 1368 1891 tunc
1396 1843 1689 1903 necessitate,
1721 1853 1777 1890 ea
1796 1842 1940 1891 etiam

530 1921 659 1969 nulla
679 1922 980 1980 imminente,
1004 1923 1043 1969 si
1070 1922 1131 1968 ad
1154 1932 1326 1986 puram
1349 1921 1597 1969 veritatem
1625 1932 1714 1968 nos
1745 1919 1940 1967 consor-

530 2014 659 2045 mare
685 2000 929 2061 volumus,
963 1999 1211 2064 hucusque
1234 1998 1526 2064 perdurarit,
1550 1996 1804 2045 verisimile
1836 2005 1938 2044 non

529 2075 938 2139 esthujuscemodi
949 2076 1294 2123 conductitiam
1313 2075 1527 2123 militiam
1541 2074 1601 2121 de
1622 2081 1757 2121 aetate
1769 2082 1940 2123 eorum

527 2154 610 2216 qui
630 2164 884 2218 supersunt
907 2154 1182 2201 desituram.
1216 2155 1295 2199 Est
1316 2153 1444 2200 enim
1467 2160 1682 2217 pergrata
1704 2151 1932 2215 tyrannis.

527 2233 597 2278 Eo
608 2232 735 2279 enim
754 2232 887 2296 quod
896 2247 1085 2297 semper
1100 2231 1366 2296 potentiam
1385 2236 1720 2278 consectantur
1733 2237 1780 2277 et
1792 2241 1938 2295 appe-

528 2317 651 2369 tunt,
677 2309 889 2373 neglecta
906 2309 1104 2373 justitia,
1130 2325 1217 2356 nec
1237 2308 1296 2355 de
1320 2307 1622 2356 subditorum
1645 2307 1820 2372 quiete,
1836 2307 1938 2371 jus·

528 2386 627 2433 titia
649 2396 696 2433 et
719 2387 916 2434 utilitate
945 2385 1040 2433 ulla
1064 2387 1130 2433 eis
1155 2402 1270 2433 cura
1303 2386 1502 2445 exstitit,
1529 2385 1629 2432 imo
1660 2385 1844 2450 potius,
1877 2396 1941 2433 ne'

527 2463 786 2512 reluctandi
806 2475 853 2512 et
867 2464 1165 2530 repugnandi
1181 2481 1275 2511 suae
1292 2463 1527 2528 tyrannidi
1543 2473 1685 2527 atque
1698 2462 1938 2529 pravitati-

526 2540 616 2588 bus
634 2541 756 2590 vires
775 2542 1084 2606 animumque
1097 2550 1352 2601 assumant,
1369 2557 1451 2588 eos
1472 2540 1593 2588 dura
1615 2540 1837 2588 servitute
1858 2539 1938 2587 tri-

526 2617 751 2666 butorum
775 2628 918 2683 atque
940 2628 1094 2666 metus
1117 2617 1306 2665 student
1330 2633 1517 2683 semper
1542 2612 1839 2683 opprimere,
1864 2626 1938 2664 res

526 2693 592 2742 eis
632 2693 980 2758 pernecessaria
1016 2691 1257 2756 judicatur
1305 2701 1352 2740 et
1388 2692 1590 2739 maxime
1627 2685 1840 2755 jucunda
1873 2690 1936 2741 ad

527 2771 813 2835 potiundum
846 2771 1055 2827 miseris,
1082 2770 1258 2835 quibus
1285 2772 1498 2818 serviunt
1515 2805 1528 2831 ‚
1565 2768 1932 2834 cupiditatibus»,

528 2865 713 2913 semper
753 2848 814 2895 ad
852 2847 1085 2913 stipendia
1118 2865 1203 2895 sua
1248 2858 1461 2913 paratam
1498 2847 1676 2897 habere
1711 2855 1932 2911 magnam
