2086 3528
544 368 595 404 86
930 365 1274 405 HISTORIARUM
1300 367 1483 406 CAROLI
1512 369 1581 406 VII

542 445 888 495 conterendam
915 445 1213 511 superbiam,
1251 456 1299 494 et
1332 457 1386 495 ut
1416 465 1478 496 ne
1506 448 1613 513 quis
1643 469 1666 492 «
1686 458 1837 514 ponat
1863 465 1964 501 car-

541 540 655 571 nem
668 522 920 573 brachium
941 539 1104 581 suum,
1126 542 1150 568 »
1171 523 1256 570 sed
1275 540 1376 572 non
1399 525 1450 572 in
1472 528 1594 586 Deo,
1611 525 1696 573 sed
1712 526 1764 573 in
1785 542 1838 574 se
1856 527 1964 592 ipso

541 602 646 649 solo
666 601 727 648 de
750 601 943 665 suisque
964 599 1145 648 viribus
1165 600 1391 665 glorietur
1407 600 1554 664 ,dicta
1573 603 1796 653 Johanna
1809 621 1837 654 a
1858 606 1964 654 Deo

539 680 683 726 missa
706 678 870 739 fuerit;
896 689 944 726 et
978 677 1290 727 nihilominus
1312 681 1446 745 quod
1476 698 1584 730 eam
1612 685 1766 743 DeuS‚
1793 682 1868 733 vel
1899 682 1966 739 ob

538 758 662 821 regis
684 756 758 804 vel
773 759 926 820 gentis
937 759 1232 804 Francorum
1254 757 1485 807 demerita
1498 796 1510 819 ,
1527 769 1693 824 utpote
1712 759 1846 825 quod
1859 769 1967 810 tan—

540 847 701 884 torum
711 835 1058 884 beneficiorum
1072 873 1084 897 ‚
1102 846 1279 901 quanta
1298 840 1427 885 Deus
1449 854 1535 903 per
1557 855 1665 887 eam
1685 839 1801 904 ipsis
1822 839 1966 888 mira-

538 914 696 962 biliter
705 913 975 962 contulerat
990 952 1003 977 ,
1020 915 1210 978 ingrati,
1234 931 1335 962 non
1362 916 1563 981 proinde
1581 917 1765 966 debitas
1785 917 1968 982 egerint

539 994 712 1057 gratias
725 992 983 1055 divinitati,
1000 1002 1082 1041 aut
1095 993 1317 1040 victorias
1334 993 1401 1041 eis
1417 1010 1667 1043 concessas
1685 1012 1784 1045 non
1808 995 1969 1060 gratiae

537 1072 652 1133 Dei,
696 1072 782 1120 sed
811 1072 908 1119 suis
941 1072 1124 1119 meritis
1160 1082 1244 1120 aut
1277 1071 1460 1131 viribus
1501 1073 1808 1123 attribuerint
1829 1074 1969 1139 (quae

538 1152 708 1201 merita
746 1150 963 1216 profecto
1001 1150 1132 1198 nulla
1167 1151 1259 1197 nisi
1290 1151 1417 1200 mala
1453 1162 1570 1200 tunc
1611 1163 1776 1215 erant,
1816 1170 1968 1219 quum

539 1245 699 1277 mores
732 1229 1081 1295 corruptissimi
1126 1241 1311 1293 essent,
1349 1248 1433 1279 seu
1475 1231 1568 1279 alia
1595 1247 1739 1281 causa
1778 1233 1936 1298 aliqua
1953 1270 1966 1295 ,

534 1308 662 1372 justa
683 1305 907 1372 quidem,
932 1308 1162 1372 quoniam
1179 1325 1279 1356 non
1300 1319 1370 1356 est
1387 1309 1518 1376 apud
1535 1313 1694 1358 Deum
1713 1311 1941 1376 iniquitas
1954 1347 1966 1370 ‚

539 1386 649 1433 licet
685 1402 713 1433 a
750 1384 893 1432 nobis
922 1385 1122 1432 minime
1153 1387 1407 1451 cognita),
1446 1387 1507 1435 ab
1537 1387 1759 1436 hostibus
1780 1388 1892 1454 capi
1923 1398 1971 1437 et

539 1463 775 1530 supplicio
797 1464 865 1511 sic
887 1481 994 1511 eam
1018 1463 1142 1512 affici
1163 1466 1462 1530 permiserit,
1489 1468 1689 1530 gratiam
1702 1482 1851 1532 quam
1869 1482 1971 1530 gra·

541 1543 598 1590 tis
634 1559 725 1590 nec
757 1542 1052 1590 merentibus
1088 1543 1313 1604 dederat,
1355 1543 1417 1591 ab
1453 1544 1662 1608 indignis
1685 1561 1745 1609 ac·
1776 1545 1972 1610 ingratis

540 1619 888 1669 subtrahendo.
939 1622 1071 1685 Saepe
1111 1621 1242 1668 enim
1277 1622 1411 1686 quod
1442 1622 1606 1671 divina
1643 1623 1796 1688 pietas
1839 1621 1973 1675 dedit

540 1700 709 1765 gratis,
736 1698 843 1746 tulit
864 1699 1076 1762 ingratis.
1107 1698 1253 1757 Quod
1281 1710 1444 1747 autem
1467 1717 1554 1766 per
1582 1701 1800 1749 foeminas
1821 1700 1972 1749 inter-

539 1779 659 1826 dum
689 1794 803 1824 cum
835 1776 1007 1839 armis,
1033 1776 1280 1824 interdum
1311 1779 1414 1826 sine
1436 1779 1606 1839 armis,
1631 1779 1728 1827 suis
1762 1777 1970 1827 subven-

540 1859 724 1906 tionem
746 1866 793 1904 et
821 1855 1132 1903 victoriarum
1159 1854 1329 1904 solatia
1358 1855 1420 1904 de
1449 1857 1668 1905 hostibus
1690 1860 1820 1907 Deus
1849 1873 1970 1905 con-

540 1935 730 1995 tulerit,
767 1944 909 1982 testes
945 1943 1057 1982 sunt
1096 1933 1303 1981 historiae
1341 1934 1403 1983 de
1436 1935 1693 1998 Debbora,
1727 1935 1895 1990 Judith
1920 1945 1971 1985 et

541 2013 729 2074 Esther,
777 2029 883 2078 quae
921 2012 1099 2062 canoni
1140 2012 1413 2061 divinarum
1456 2015 1803 2080 scripturarum
1845 2014 1969 2066 inse-

540 2108 728 2145 runtur.

606 2175 796 2224 Talibus
819 2177 963 2241 igitur
986 2176 1048 2224 de
1074 2176 1315 2237 J-ohanna,
1342 2177 1469 2224 dicta
1492 2177 1677 2239 Puella,
1702 2178 1965 2243 recensitis,

541 2253 602 2301 de
624 2253 759 2318 cujus
786 2256 1011 2303 missione
1030 2293 1041 2317 ,
1071 2265 1118 2302 et
1133 2254 1516 2321 apparitionibus
1536 2264 1583 2302 et
1597 2255 1969 2304 revelationibus

538 2348 626 2397 per
670 2348 778 2380 eam
813 2333 1026 2394 assertis,
1063 2333 1182 2381 nulli
1220 2350 1310 2399 pro
1351 2349 1439 2381 suo
1474 2343 1620 2399 captu
1650 2344 1700 2381 et
1736 2334 1964 2397 arbitrio,

538 2410 673 2474 quod
694 2411 899 2459 voluerit
913 2449 925 2471 ,
952 2414 1018 2459 sic
1039 2412 1115 2460 vel
1141 2412 1276 2460 aliter
1294 2411 1531 2460 sentiendi
1552 2411 1807 2462 adimimus
1826 2412 1970 2462 liber-

539 2498 714 2551 tatem,
756 2489 818 2538 ad
850 2490 1135 2538 narrationis
1159 2500 1331 2538 nostrae
1364 2490 1540 2538 seriem
1576 2489 1966 2557 prosequendam

540 2577 836 2616 revertamur
853 2572 880 2615 ¹.

591 2710 631 2746 1.
653 2709 740 2747 Une
762 2707 886 2760 partie
908 2706 957 2746 de
985 2721 1029 2746 ce
1055 2707 1122 2759 qui
1141 2708 1308 2760 precede
1327 2721 1350 2749 a
1372 2708 1432 2747 ete
1456 2707 1663 2748 intercalee
1682 2707 1779 2748 dans
1801 2707 1858 2748 les
1878 2709 1964 2747 An·-

537 2770 637 2805 nales
672 2769 865 2805 Flandre‘ae
904 2767 952 2807 de
987 2771 1134 2819 Meyer,
1174 2767 1243 2810 lib.
1266 2771 1368 2807 XVI.
1405 2771 1458 2807 Le
1493 2767 1667 2821 chapitre
1699 2765 1824 2807 entier
1842 2765 1966 2820 figure

534 2828 660 2879 parmi
678 2827 733 2867 les
753 2841 919 2880 preuves
935 2842 1012 2868 aux
1039 2828 1174 2866 Procas
1192 2831 1239 2867 de
1253 2832 1398 2868 Jeanne
1418 2832 1456 2866 la
1475 2830 1642 2877 Pucelle,
1664 2836 1691 2866 t.
1714 2829 1782 2879 lv,
1805 2840 1846 2880 p.
1870 2827 1962 2867 340.
