<?xml version="1.0" encoding="UTF-8"?>
<!DOCTYPE html PUBLIC "-//W3C//DTD XHTML 1.0 Transitional//EN"
    "http://www.w3.org/TR/xhtml1/DTD/xhtml1-transitional.dtd">
<html xmlns="http://www.w3.org/1999/xhtml" xml:lang="en" lang="en">
 <head>
  <title>
</title>
<meta http-equiv="Content-Type" content="text/html;charset=utf-8" />
  <meta name='ocr-system' content='tesseract 3.04.00' />
  <meta name='ocr-capabilities' content='ocr_page ocr_carea ocr_par ocr_line ocrx_word'/>
</head>
<body>
  <div class='ocr_page' id='page_1' title='image "./histoiredesrgn01basiuoft_0493.png"; bbox 0 0 2086 3528; ppageno 0'>
   <div class='ocr_carea' id='block_1_1' title="bbox 782 362 1692 415">
    <p class='ocr_par' dir='ltr' id='par_1_1' title="bbox 782 362 1692 415">
     <span class='ocr_line' id='line_1_1' title="bbox 782 362 1692 415; baseline 0.001 -12"><span class='ocrx_word' id='word_1_1' title='bbox 782 362 930 404; x_wconf 86' lang='lat' dir='ltr'>LIBER</span> <span class='ocrx_word' id='word_1_2' title='bbox 957 364 1187 415; x_wconf 85' lang='lat' dir='ltr'><strong>QUINTUS.</strong></span> <span class='ocrx_word' id='word_1_3' title='bbox 1618 364 1692 405; x_wconf 81' lang='lat'>319</span> 
     </span>
    </p>
   </div>
   <div class='ocr_carea' id='block_1_2' title="bbox 274 445 1703 982">
    <p class='ocr_par' dir='ltr' id='par_1_2' title="bbox 274 445 1703 982">
     <span class='ocr_line' id='line_1_2' title="bbox 279 445 1694 514; baseline 0 -17"><span class='ocrx_word' id='word_1_4' title='bbox 279 466 435 499; x_wconf 83' lang='lat' dir='ltr'>sacras</span> <span class='ocrx_word' id='word_1_5' title='bbox 453 445 662 514; x_wconf 88' lang='lat' dir='ltr'>synodos</span> <span class='ocrx_word' id='word_1_6' title='bbox 675 447 1090 499; x_wconf 86' lang='lat' dir='ltr'>Constantiensem</span> <span class='ocrx_word' id='word_1_7' title='bbox 1112 459 1160 498; x_wconf 88' lang='lat' dir='ltr'>et</span> <span class='ocrx_word' id='word_1_8' title='bbox 1179 448 1510 510; x_wconf 83' lang='lat' dir='ltr'>Basileensem,</span> <span class='ocrx_word' id='word_1_9' title='bbox 1528 449 1694 498; x_wconf 88' lang='lat' dir='ltr'>obser-</span> 
     </span>
     <span class='ocr_line' id='line_1_3' title="bbox 279 519 1694 595; baseline 0.001 -19"><span class='ocrx_word' id='word_1_10' title='bbox 279 529 437 578; x_wconf 86' lang='lat' dir='ltr'>vanda</span> <span class='ocrx_word' id='word_1_11' title='bbox 458 519 505 575; x_wconf 89' lang='lat' dir='ltr'>in</span> <span class='ocrx_word' id='word_1_12' title='bbox 524 545 678 591; x_wconf 83' lang='lat' dir='ltr'>regno</span> <span class='ocrx_word' id='word_1_13' title='bbox 710 545 798 575; x_wconf 92' lang='lat' dir='ltr'>suo</span> <span class='ocrx_word' id='word_1_14' title='bbox 822 537 870 576; x_wconf 88' lang='lat' dir='ltr'>et</span> <span class='ocrx_word' id='word_1_15' title='bbox 899 527 1190 595; x_wconf 89' lang='lat' dir='ltr'>Delphinatu</span> <span class='ocrx_word' id='word_1_16' title='bbox 1205 568 1216 590; x_wconf 89' lang='lat'>,</span> <span class='ocrx_word' id='word_1_17' title='bbox 1245 547 1356 578; x_wconf 91' lang='lat' dir='ltr'>cum</span> <span class='ocrx_word' id='word_1_18' title='bbox 1377 527 1577 578; x_wconf 84' lang='lat' dir='ltr'>consilio</span> <span class='ocrx_word' id='word_1_19' title='bbox 1595 546 1694 578; x_wconf 88' lang='lat' dir='ltr'>ma-</span> 
     </span>
     <span class='ocr_line' id='line_1_4' title="bbox 274 600 1700 673; baseline 0.001 -19"><span class='ocrx_word' id='word_1_20' title='bbox 274 600 395 671; x_wconf 82' lang='lat' dir='ltr'>joris</span> <span class='ocrx_word' id='word_1_21' title='bbox 417 623 472 655; x_wconf 88' lang='lat' dir='ltr'>ac</span> <span class='ocrx_word' id='word_1_22' title='bbox 489 604 689 654; x_wconf 85' lang='lat' dir='ltr'>sanioris</span> <span class='ocrx_word' id='word_1_23' title='bbox 706 607 854 672; x_wconf 82' lang='lat' dir='ltr'>partis</span> <span class='ocrx_word' id='word_1_24' title='bbox 869 606 1173 673; x_wconf 79' lang='lat' dir='ltr'>praelatorum</span> <span class='ocrx_word' id='word_1_25' title='bbox 1196 616 1242 656; x_wconf 90' lang='lat' dir='ltr'>et</span> <span class='ocrx_word' id='word_1_26' title='bbox 1265 608 1380 656; x_wconf 86' lang='lat' dir='ltr'>cleri</span> <span class='ocrx_word' id='word_1_27' title='bbox 1401 604 1548 657; x_wconf 86' lang='lat' dir='ltr'>totius</span> <span class='ocrx_word' id='word_1_28' title='bbox 1566 610 1700 672; x_wconf 85' lang='lat' dir='ltr'>regni</span> 
     </span>
     <span class='ocr_line' id='line_1_5' title="bbox 281 682 1700 753; baseline 0.001 -20"><span class='ocrx_word' id='word_1_29' title='bbox 281 683 379 745; x_wconf 87' lang='lat' dir='ltr'>sui,</span> <span class='ocrx_word' id='word_1_30' title='bbox 406 693 453 732; x_wconf 86' lang='lat' dir='ltr'>et</span> <span class='ocrx_word' id='word_1_31' title='bbox 483 701 675 732; x_wconf 87' lang='lat' dir='ltr'>assensu</span> <span class='ocrx_word' id='word_1_32' title='bbox 697 682 971 751; x_wconf 85' lang='lat' dir='ltr'>principum</span> <span class='ocrx_word' id='word_1_33' title='bbox 994 683 1236 750; x_wconf 83' lang='lat' dir='ltr'>sanguinis</span> <span class='ocrx_word' id='word_1_34' title='bbox 1266 682 1340 735; x_wconf 92' lang='lat' dir='ltr'>sui</span> <span class='ocrx_word' id='word_1_35' title='bbox 1364 704 1420 736; x_wconf 90' lang='lat' dir='ltr'>ac</span> <span class='ocrx_word' id='word_1_36' title='bbox 1442 699 1700 753; x_wconf 87' lang='lat' dir='ltr'>procerum</span> 
     </span>
     <span class='ocr_line' id='line_1_6' title="bbox 281 758 1699 830; baseline 0.002 -21"><span class='ocrx_word' id='word_1_37' title='bbox 281 758 494 828; x_wconf 89' lang='lat' dir='ltr'>ejusdem</span> <span class='ocrx_word' id='word_1_38' title='bbox 513 759 670 828; x_wconf 81' lang='lat' dir='ltr'>regni,</span> <span class='ocrx_word' id='word_1_39' title='bbox 688 762 777 810; x_wconf 93' lang='lat' dir='ltr'>sub</span> <span class='ocrx_word' id='word_1_40' title='bbox 791 761 1043 819; x_wconf 42' lang='lat' dir='ltr'>‚sanctione</span> <span class='ocrx_word' id='word_1_41' title='bbox 1059 765 1349 829; x_wconf 83' lang='lat' dir='ltr'>pragmatica</span> <span class='ocrx_word' id='word_1_42' title='bbox 1364 762 1544 830; x_wconf 81' lang='lat' dir='ltr'>recepit</span> <span class='ocrx_word' id='word_1_43' title='bbox 1558 770 1699 830; x_wconf 80' lang='lat' dir='ltr'>atque</span> 
     </span>
     <span class='ocr_line' id='line_1_7' title="bbox 281 834 1703 890; baseline 0.001 -3"><span class='ocrx_word' id='word_1_44' title='bbox 281 834 492 888; x_wconf 84' lang='lat' dir='ltr'>decrevit</span> <span class='ocrx_word' id='word_1_45' title='bbox 515 859 524 887; x_wconf 89' lang='lat'>:</span> <span class='ocrx_word' id='word_1_46' title='bbox 552 841 653 888; x_wconf 86' lang='lat' dir='ltr'>sola</span> <span class='ocrx_word' id='word_1_47' title='bbox 683 838 1002 889; x_wconf 83' lang='lat' dir='ltr'>reservatione</span> <span class='ocrx_word' id='word_1_48' title='bbox 1024 837 1084 889; x_wconf 91' lang='lat' dir='ltr'>de</span> <span class='ocrx_word' id='word_1_49' title='bbox 1113 837 1402 890; x_wconf 79' lang='lat' dir='ltr'>beneficiatis</span> <span class='ocrx_word' id='word_1_50' title='bbox 1424 836 1703 890; x_wconf 77' lang='lat' dir='ltr'>cedentibus</span> 
     </span>
     <span class='ocr_line' id='line_1_8' title="bbox 276 909 1702 982; baseline -0.001 -19"><span class='ocrx_word' id='word_1_51' title='bbox 276 909 357 964; x_wconf 63' lang='lat' dir='ltr'>&#39;vel</span> <span class='ocrx_word' id='word_1_52' title='bbox 390 910 731 963; x_wconf 80' lang='lat' dir='ltr'>decedentibus</span> <span class='ocrx_word' id='word_1_53' title='bbox 763 910 893 982; x_wconf 87' lang='lat' dir='ltr'>apud</span> <span class='ocrx_word' id='word_1_54' title='bbox 930 911 1242 981; x_wconf 79' lang='lat' dir='ltr'>apostolicam</span> <span class='ocrx_word' id='word_1_55' title='bbox 1262 915 1424 963; x_wconf 86' lang='lat' dir='ltr'>sedem</span> <span class='ocrx_word' id='word_1_56' title='bbox 1442 953 1454 975; x_wconf 86' lang='lat'>,</span> <span class='ocrx_word' id='word_1_57' title='bbox 1484 914 1702 963; x_wconf 80' lang='lat' dir='ltr'>Romano</span> 
     </span>
    </p>
   </div>
   <div class='ocr_carea' id='block_1_3' title="bbox 276 991 1785 2548">
    <p class='ocr_par' dir='ltr' id='par_1_3' title="bbox 276 991 1708 1528">
     <span class='ocr_line' id='line_1_9' title="bbox 276 991 1703 1059; baseline 0.001 -20"><span class='ocrx_word' id='word_1_58' title='bbox 276 991 496 1058; x_wconf 83' lang='lat' dir='ltr'>pontifici</span> <span class='ocrx_word' id='word_1_59' title='bbox 518 999 759 1042; x_wconf 84' lang='lat' dir='ltr'>reservata</span> <span class='ocrx_word' id='word_1_60' title='bbox 779 994 850 1059; x_wconf 91' lang='lat' dir='ltr'>(in</span> <span class='ocrx_word' id='word_1_61' title='bbox 873 993 1052 1041; x_wconf 85' lang='lat' dir='ltr'>caeteris</span> <span class='ocrx_word' id='word_1_62' title='bbox 1074 994 1222 1054; x_wconf 87' lang='lat' dir='ltr'>enim,</span> <span class='ocrx_word' id='word_1_63' title='bbox 1248 991 1556 1055; x_wconf 85' lang='lat' dir='ltr'>electoribus,</span> <span class='ocrx_word' id='word_1_64' title='bbox 1585 1009 1703 1042; x_wconf 89' lang='lat' dir='ltr'>con-</span> 
     </span>
     <span class='ocr_line' id='line_1_10' title="bbox 280 1065 1700 1137; baseline 0.001 -20"><span class='ocrx_word' id='word_1_65' title='bbox 280 1065 637 1132; x_wconf 82' lang='lat' dir='ltr'>firmatoribus,</span> <span class='ocrx_word' id='word_1_66' title='bbox 677 1068 987 1120; x_wconf 81' lang='lat' dir='ltr'>collatoribus</span> <span class='ocrx_word' id='word_1_67' title='bbox 1020 1081 1066 1119; x_wconf 87' lang='lat' dir='ltr'>et</span> <span class='ocrx_word' id='word_1_68' title='bbox 1099 1068 1312 1137; x_wconf 81' lang='lat' dir='ltr'>patronis</span> <span class='ocrx_word' id='word_1_69' title='bbox 1351 1068 1700 1135; x_wconf 86' lang='lat' dir='ltr'>ecclesiasticis,</span> 
     </span>
     <span class='ocr_line' id='line_1_11' title="bbox 282 1147 1705 1215; baseline 0 -19"><span class='ocrx_word' id='word_1_70' title='bbox 282 1149 550 1197; x_wconf 84' lang='lat' dir='ltr'>secundum</span> <span class='ocrx_word' id='word_1_71' title='bbox 575 1147 781 1197; x_wconf 79' lang='lat' dir='ltr'>formam</span> <span class='ocrx_word' id='word_1_72' title='bbox 798 1149 918 1214; x_wconf 81' lang='lat' dir='ltr'>juris</span> <span class='ocrx_word' id='word_1_73' title='bbox 941 1159 988 1198; x_wconf 92' lang='lat' dir='ltr'>et</span> <span class='ocrx_word' id='word_1_74' title='bbox 1009 1148 1316 1215; x_wconf 75' lang='lat' dir='ltr'>&#39;antiquorum</span> <span class='ocrx_word' id='word_1_75' title='bbox 1337 1164 1605 1212; x_wconf 84' lang='lat' dir='ltr'>canonum,</span> <span class='ocrx_word' id='word_1_76' title='bbox 1628 1150 1705 1214; x_wconf 80' lang='lat' dir='ltr'>J&#39;us</span> 
     </span>
     <span class='ocr_line' id='line_1_12' title="bbox 282 1224 1707 1292; baseline 0.001 -18"><span class='ocrx_word' id='word_1_77' title='bbox 282 1240 424 1275; x_wconf 79' lang='lat' dir='ltr'>‘suum</span> <span class='ocrx_word' id='word_1_78' title='bbox 446 1227 701 1292; x_wconf 87' lang='lat' dir='ltr'>integrum,</span> <span class='ocrx_word' id='word_1_79' title='bbox 721 1237 772 1275; x_wconf 90' lang='lat' dir='ltr'>ut</span> <span class='ocrx_word' id='word_1_80' title='bbox 789 1227 910 1276; x_wconf 86' lang='lat' dir='ltr'>ratio</span> <span class='ocrx_word' id='word_1_81' title='bbox 930 1228 1094 1290; x_wconf 82' lang='lat' dir='ltr'>dictat,</span> <span class='ocrx_word' id='word_1_82' title='bbox 1113 1224 1438 1292; x_wconf 73' lang='lat' dir='ltr'>servabatur),</span> <span class='ocrx_word' id='word_1_83' title='bbox 1465 1237 1513 1276; x_wconf 91' lang='lat' dir='ltr'>et</span> <span class='ocrx_word' id='word_1_84' title='bbox 1530 1241 1586 1276; x_wconf 85' lang='lat' dir='ltr'>ex</span> <span class='ocrx_word' id='word_1_85' title='bbox 1610 1227 1707 1275; x_wconf 90' lang='lat' dir='ltr'>hoc</span> 
     </span>
     <span class='ocr_line' id='line_1_13' title="bbox 283 1302 1707 1372; baseline -0.001 -19"><span class='ocrx_word' id='word_1_86' title='bbox 283 1302 413 1371; x_wconf 86' lang='lat' dir='ltr'>regia</span> <span class='ocrx_word' id='word_1_87' title='bbox 433 1302 527 1366; x_wconf 85' lang='lat' dir='ltr'>lex,</span> <span class='ocrx_word' id='word_1_88' title='bbox 549 1307 648 1354; x_wconf 86' lang='lat' dir='ltr'>imo</span> <span class='ocrx_word' id='word_1_89' title='bbox 667 1306 823 1354; x_wconf 91' lang='lat' dir='ltr'>verius</span> <span class='ocrx_word' id='word_1_90' title='bbox 842 1302 1159 1355; x_wconf 84' lang='lat' dir='ltr'>ecclesiastica</span> <span class='ocrx_word' id='word_1_91' title='bbox 1172 1344 1184 1366; x_wconf 90' lang='lat'>,</span> <span class='ocrx_word' id='word_1_92' title='bbox 1206 1302 1441 1354; x_wconf 70' lang='lat' dir='ltr'>saecularis</span> <span class='ocrx_word' id='word_1_93' title='bbox 1461 1304 1707 1372; x_wconf 83' lang='lat' dir='ltr'>potestatis</span> 
     </span>
     <span class='ocr_line' id='line_1_14' title="bbox 282 1381 1708 1449; baseline 0.001 -18"><span class='ocrx_word' id='word_1_94' title='bbox 282 1382 522 1449; x_wconf 80' lang='lat' dir='ltr'>&#39;adjutorio</span> <span class='ocrx_word' id='word_1_95' title='bbox 543 1382 734 1433; x_wconf 81' lang='lat' dir='ltr'>suffulta</span> <span class='ocrx_word' id='word_1_96' title='bbox 748 1398 803 1433; x_wconf 87' lang='lat' dir='ltr'>ac</span> <span class='ocrx_word' id='word_1_97' title='bbox 819 1382 1063 1443; x_wconf 85' lang='lat' dir='ltr'>roborata,</span> <span class='ocrx_word' id='word_1_98' title='bbox 1084 1383 1229 1448; x_wconf 82' lang='lat' dir='ltr'>vulgo</span> <span class='ocrx_word' id='word_1_99' title='bbox 1248 1405 1271 1429; x_wconf 77' lang='lat' dir='ltr'>&lt;c</span> <span class='ocrx_word' id='word_1_100' title='bbox 1287 1381 1583 1448; x_wconf 81' lang='lat' dir='ltr'>pragmatica</span> <span class='ocrx_word' id='word_1_101' title='bbox 1600 1397 1708 1432; x_wconf 81' lang='lat' dir='ltr'>san-</span> 
     </span>
     <span class='ocr_line' id='line_1_15' title="bbox 283 1460 734 1528; baseline 0.004 -19"><span class='ocrx_word' id='word_1_102' title='bbox 283 1460 377 1510; x_wconf 87' lang='lat' dir='ltr'>ctio</span> <span class='ocrx_word' id='word_1_103' title='bbox 404 1481 428 1508; x_wconf 89' lang='lat'>»</span> <span class='ocrx_word' id='word_1_104' title='bbox 454 1462 734 1528; x_wconf 86' lang='lat' dir='ltr'>appellata¹.</span> 
     </span>
    </p>

    <p class='ocr_par' dir='ltr' id='par_1_4' title="bbox 285 1538 1785 2548">
     <span class='ocr_line' id='line_1_16' title="bbox 350 1538 1709 1591; baseline -0.001 -1"><span class='ocrx_word' id='word_1_105' title='bbox 350 1540 422 1590; x_wconf 90' lang='lat' dir='ltr'>Ad</span> <span class='ocrx_word' id='word_1_106' title='bbox 445 1557 551 1590; x_wconf 87' lang='lat' dir='ltr'>eam</span> <span class='ocrx_word' id='word_1_107' title='bbox 583 1556 700 1590; x_wconf 82' lang='lat' dir='ltr'>vero</span> <span class='ocrx_word' id='word_1_108' title='bbox 736 1538 1025 1591; x_wconf 87' lang='lat' dir='ltr'>abolendam</span> <span class='ocrx_word' id='word_1_109' title='bbox 1061 1553 1108 1591; x_wconf 89' lang='lat' dir='ltr'>et</span> <span class='ocrx_word' id='word_1_110' title='bbox 1146 1539 1459 1590; x_wconf 85' lang='lat' dir='ltr'>restituendas</span> <span class='ocrx_word' id='word_1_111' title='bbox 1493 1539 1709 1590; x_wconf 74' lang='lat' dir='ltr'>Ecclesiae</span> 
     </span>
     <span class='ocr_line' id='line_1_17' title="bbox 286 1617 1711 1687; baseline -0.001 -18"><span class='ocrx_word' id='word_1_112' title='bbox 286 1621 512 1669; x_wconf 83' lang='lat' dir='ltr'>Romanae</span> <span class='ocrx_word' id='word_1_113' title='bbox 531 1621 877 1669; x_wconf 86' lang='lat' dir='ltr'>reservationes</span> <span class='ocrx_word' id='word_1_114' title='bbox 891 1657 903 1680; x_wconf 91' lang='lat'>,</span> <span class='ocrx_word' id='word_1_115' title='bbox 920 1617 997 1685; x_wconf 85' lang='lat' dir='ltr'>jus</span> <span class='ocrx_word' id='word_1_116' title='bbox 1017 1618 1386 1669; x_wconf 81' lang='lat' dir='ltr'>Ordinariorum</span> <span class='ocrx_word' id='word_1_117' title='bbox 1402 1617 1612 1687; x_wconf 87' lang='lat' dir='ltr'>quadam</span> <span class='ocrx_word' id='word_1_118' title='bbox 1629 1634 1711 1669; x_wconf 80' lang='lat' dir='ltr'>ve-</span> 
     </span>
     <span class='ocr_line' id='line_1_18' title="bbox 285 1695 1711 1765; baseline -0.001 -19"><span class='ocrx_word' id='word_1_119' title='bbox 285 1695 355 1748; x_wconf 90' lang='lat' dir='ltr'>lut</span> <span class='ocrx_word' id='word_1_120' title='bbox 376 1699 624 1765; x_wconf 84' lang='lat' dir='ltr'>tyrannica</span> <span class='ocrx_word' id='word_1_121' title='bbox 645 1705 878 1765; x_wconf 82' lang='lat' dir='ltr'>potestate</span> <span class='ocrx_word' id='word_1_122' title='bbox 902 1715 957 1747; x_wconf 90' lang='lat' dir='ltr'>ac</span> <span class='ocrx_word' id='word_1_123' title='bbox 980 1700 1028 1747; x_wconf 87' lang='lat' dir='ltr'>vi</span> <span class='ocrx_word' id='word_1_124' title='bbox 1052 1699 1232 1764; x_wconf 87' lang='lat' dir='ltr'>majore</span> <span class='ocrx_word' id='word_1_125' title='bbox 1254 1698 1476 1746; x_wconf 88' lang='lat' dir='ltr'>tollentes</span> <span class='ocrx_word' id='word_1_126' title='bbox 1499 1708 1545 1746; x_wconf 84' lang='lat' dir='ltr'>et</span> <span class='ocrx_word' id='word_1_127' title='bbox 1567 1712 1711 1745; x_wconf 90' lang='lat' dir='ltr'>occu-</span> 
     </span>
     <span class='ocr_line' id='line_1_19' title="bbox 286 1773 1713 1844; baseline -0.002 -18"><span class='ocrx_word' id='word_1_128' title='bbox 286 1786 479 1843; x_wconf 83' lang='lat' dir='ltr'>pantes,</span> <span class='ocrx_word' id='word_1_129' title='bbox 515 1794 616 1826; x_wconf 89' lang='lat' dir='ltr'>non</span> <span class='ocrx_word' id='word_1_130' title='bbox 647 1777 812 1844; x_wconf 87' lang='lat' dir='ltr'>paucis</span> <span class='ocrx_word' id='word_1_131' title='bbox 844 1774 1009 1825; x_wconf 84' lang='lat' dir='ltr'>referri</span> <span class='ocrx_word' id='word_1_132' title='bbox 1039 1777 1188 1843; x_wconf 85' lang='lat' dir='ltr'>possit</span> <span class='ocrx_word' id='word_1_133' title='bbox 1218 1776 1406 1842; x_wconf 87' lang='lat' dir='ltr'>quoties</span> <span class='ocrx_word' id='word_1_134' title='bbox 1437 1773 1618 1841; x_wconf 84' lang='lat' dir='ltr'>legatos</span> <span class='ocrx_word' id='word_1_135' title='bbox 1652 1776 1713 1824; x_wconf 91' lang='lat' dir='ltr'>ad</span> 
     </span>
     <span class='ocr_line' id='line_1_20' title="bbox 287 1852 1714 1920; baseline -0.001 -17"><span class='ocrx_word' id='word_1_136' title='bbox 287 1856 471 1904; x_wconf 90' lang='lat' dir='ltr'>dictum</span> <span class='ocrx_word' id='word_1_137' title='bbox 487 1872 650 1920; x_wconf 84' lang='lat' dir='ltr'>regern</span> <span class='ocrx_word' id='word_1_138' title='bbox 674 1857 918 1903; x_wconf 85' lang='lat' dir='ltr'>Romanus</span> <span class='ocrx_word' id='word_1_139' title='bbox 933 1855 1144 1920; x_wconf 80' lang='lat' dir='ltr'>pontifex</span> <span class='ocrx_word' id='word_1_140' title='bbox 1167 1852 1448 1915; x_wconf 82' lang='lat' dir='ltr'>destinavit,</span> <span class='ocrx_word' id='word_1_141' title='bbox 1470 1868 1602 1902; x_wconf 88' lang='lat' dir='ltr'>nunc</span> <span class='ocrx_word' id='word_1_142' title='bbox 1619 1868 1714 1901; x_wconf 82' lang='lat' dir='ltr'>car-</span> 
     </span>
     <span class='ocr_line' id='line_1_21' title="bbox 288 1931 1785 1998; baseline -0.002 -16"><span class='ocrx_word' id='word_1_143' title='bbox 288 1933 469 1983; x_wconf 85' lang='lat' dir='ltr'>dinales</span> <span class='ocrx_word' id='word_1_144' title='bbox 486 1971 498 1995; x_wconf 94' lang='lat'>,</span> <span class='ocrx_word' id='word_1_145' title='bbox 543 1948 675 1981; x_wconf 89' lang='lat' dir='ltr'>nunc</span> <span class='ocrx_word' id='word_1_146' title='bbox 715 1931 966 1980; x_wconf 85' lang='lat' dir='ltr'>inferiores</span> <span class='ocrx_word' id='word_1_147' title='bbox 1002 1931 1249 1998; x_wconf 80' lang='lat' dir='ltr'>praelatos3</span> <span class='ocrx_word' id='word_1_148' title='bbox 1295 1940 1415 1997; x_wconf 88' lang='lat' dir='ltr'>quot</span> <span class='ocrx_word' id='word_1_149' title='bbox 1451 1942 1715 1980; x_wconf 83' lang='lat' dir='ltr'>conventus</span> <span class='ocrx_word' id='word_1_150' title='bbox 1778 1953 1785 1958; x_wconf 93' lang='lat'><strong>·</strong></span> 
     </span>
     <span class='ocr_line' id='line_1_22' title="bbox 289 2007 1715 2059; baseline -0.001 -1"><span class='ocrx_word' id='word_1_151' title='bbox 289 2010 508 2059; x_wconf 80' lang='lat' dir='ltr'>Ecclesiae</span> <span class='ocrx_word' id='word_1_152' title='bbox 531 2021 576 2059; x_wconf 91' lang='lat' dir='ltr'>et</span> <span class='ocrx_word' id='word_1_153' title='bbox 599 2011 714 2059; x_wconf 89' lang='lat' dir='ltr'>cleri</span> <span class='ocrx_word' id='word_1_154' title='bbox 738 2009 971 2058; x_wconf 81' lang='lat' dir='ltr'>Gallicani</span> <span class='ocrx_word' id='word_1_155' title='bbox 993 2007 1124 2057; x_wconf 88' lang='lat' dir='ltr'>idem</span> <span class='ocrx_word' id='word_1_156' title='bbox 1151 2025 1233 2056; x_wconf 90' lang='lat' dir='ltr'>rex</span> <span class='ocrx_word' id='word_1_157' title='bbox 1264 2007 1329 2056; x_wconf 90' lang='lat' dir='ltr'>ob</span> <span class='ocrx_word' id='word_1_158' title='bbox 1361 2007 1488 2057; x_wconf 84' lang='lat' dir='ltr'>hanc</span> <span class='ocrx_word' id='word_1_159' title='bbox 1523 2021 1715 2057; x_wconf 81' lang='lat' dir='ltr'>causam</span> 
     </span>
     <span class='ocr_line' id='line_1_23' title="bbox 288 2083 1716 2154; baseline -0.001 -18"><span class='ocrx_word' id='word_1_160' title='bbox 288 2088 337 2136; x_wconf 93' lang='lat' dir='ltr'>in</span> <span class='ocrx_word' id='word_1_161' title='bbox 352 2087 493 2137; x_wconf 87' lang='lat' dir='ltr'>variis</span> <span class='ocrx_word' id='word_1_162' title='bbox 507 2105 563 2136; x_wconf 86' lang='lat' dir='ltr'>ac</span> <span class='ocrx_word' id='word_1_163' title='bbox 576 2087 775 2137; x_wconf 88' lang='lat' dir='ltr'>diversis</span> <span class='ocrx_word' id='word_1_164' title='bbox 793 2087 1089 2154; x_wconf 77' lang='lat' dir='ltr'>temporibus</span> <span class='ocrx_word' id='word_1_165' title='bbox 1106 2085 1340 2135; x_wconf 88' lang='lat' dir='ltr'>celebrari</span> <span class='ocrx_word' id='word_1_166' title='bbox 1354 2083 1519 2135; x_wconf 86' lang='lat' dir='ltr'>fecerit</span> <span class='ocrx_word' id='word_1_167' title='bbox 1535 2084 1716 2134; x_wconf 87' lang='lat' dir='ltr'>Rotho-</span> 
     </span>
     <span class='ocr_line' id='line_1_24' title="bbox 290 2161 1718 2231; baseline -0.002 -17"><span class='ocrx_word' id='word_1_168' title='bbox 290 2166 434 2231; x_wconf 86' lang='lat' dir='ltr'>magi,</span> <span class='ocrx_word' id='word_1_169' title='bbox 452 2167 648 2214; x_wconf 86' lang='lat' dir='ltr'>Carnoti</span> <span class='ocrx_word' id='word_1_170' title='bbox 673 2174 720 2214; x_wconf 88' lang='lat' dir='ltr'>et</span> <span class='ocrx_word' id='word_1_171' title='bbox 740 2167 914 2213; x_wconf 86' lang='lat' dir='ltr'>iterum</span> <span class='ocrx_word' id='word_1_172' title='bbox 934 2163 1194 2225; x_wconf 75' lang='lat' dir='ltr'>Bituricis²‚</span> <span class='ocrx_word' id='word_1_173' title='bbox 1215 2174 1261 2212; x_wconf 87' lang='lat' dir='ltr'>et</span> <span class='ocrx_word' id='word_1_174' title='bbox 1281 2165 1329 2211; x_wconf 91' lang='lat' dir='ltr'>in</span> <span class='ocrx_word' id='word_1_175' title='bbox 1347 2163 1448 2212; x_wconf 84' lang='lat' dir='ltr'>aliis</span> <span class='ocrx_word' id='word_1_176' title='bbox 1471 2161 1718 2211; x_wconf 90' lang='lat' dir='ltr'>nonnullis</span> 
     </span>
     <span class='ocr_line' id='line_1_25' title="bbox 290 2241 1719 2310; baseline -0.002 -18"><span class='ocrx_word' id='word_1_177' title='bbox 290 2244 424 2293; x_wconf 82' lang='lat' dir='ltr'>locis.</span> <span class='ocrx_word' id='word_1_178' title='bbox 443 2243 537 2293; x_wconf 90' lang='lat' dir='ltr'>Sed</span> <span class='ocrx_word' id='word_1_179' title='bbox 560 2255 744 2310; x_wconf 88' lang='lat' dir='ltr'>quanto</span> <span class='ocrx_word' id='word_1_180' title='bbox 768 2243 917 2309; x_wconf 87' lang='lat' dir='ltr'>magis</span> <span class='ocrx_word' id='word_1_181' title='bbox 939 2244 988 2291; x_wconf 92' lang='lat' dir='ltr'>in</span> <span class='ocrx_word' id='word_1_182' title='bbox 1009 2243 1231 2290; x_wconf 85' lang='lat' dir='ltr'>eamdem</span> <span class='ocrx_word' id='word_1_183' title='bbox 1254 2241 1601 2307; x_wconf 83' lang='lat' dir='ltr'>Pragmaticam</span> <span class='ocrx_word' id='word_1_184' title='bbox 1625 2242 1719 2288; x_wconf 85' lang='lat' dir='ltr'>Ro-</span> 
     </span>
     <span class='ocr_line' id='line_1_26' title="bbox 291 2309 1715 2388; baseline -0.004 -16"><span class='ocrx_word' id='word_1_185' title='bbox 291 2337 435 2372; x_wconf 82' lang='lat' dir='ltr'>mana</span> <span class='ocrx_word' id='word_1_186' title='bbox 457 2322 589 2372; x_wconf 86' lang='lat' dir='ltr'>curia</span> <span class='ocrx_word' id='word_1_187' title='bbox 623 2324 820 2388; x_wconf 91' lang='lat' dir='ltr'>ejusque</span> <span class='ocrx_word' id='word_1_188' title='bbox 857 2309 1065 2372; x_wconf 81' lang='lat' dir='ltr'>fautores</span> <span class='ocrx_word' id='word_1_189' title='bbox 1099 2320 1367 2388; x_wconf 83' lang='lat' dir='ltr'>impingere</span> <span class='ocrx_word' id='word_1_190' title='bbox 1402 2328 1715 2377; x_wconf 83' lang='lat' dir='ltr'>conarentur,</span> 
     </span>
     <span class='ocr_line' id='line_1_27' title="bbox 294 2397 1716 2468; baseline -0.004 -17"><span class='ocrx_word' id='word_1_191' title='bbox 294 2413 427 2451; x_wconf 88' lang='lat' dir='ltr'>tanto</span> <span class='ocrx_word' id='word_1_192' title='bbox 451 2402 635 2451; x_wconf 87' lang='lat' dir='ltr'>firmior</span> <span class='ocrx_word' id='word_1_193' title='bbox 657 2414 799 2468; x_wconf 88' lang='lat' dir='ltr'>atque</span> <span class='ocrx_word' id='word_1_194' title='bbox 834 2398 1033 2451; x_wconf 86' lang='lat' dir='ltr'>solidior</span> <span class='ocrx_word' id='word_1_195' title='bbox 1057 2397 1317 2449; x_wconf 87' lang='lat' dir='ltr'>resultabat</span> <span class='ocrx_word' id='word_1_196' title='bbox 1351 2398 1478 2465; x_wconf 87' lang='lat' dir='ltr'>ipsa,</span> <span class='ocrx_word' id='word_1_197' title='bbox 1503 2399 1716 2463; x_wconf 77' lang='lat' dir='ltr'>justitiae,</span> 
     </span>
     <span class='ocr_line' id='line_1_28' title="bbox 292 2474 1720 2548; baseline -0.005 -18"><span class='ocrx_word' id='word_1_198' title='bbox 292 2482 523 2548; x_wconf 86' lang='lat' dir='ltr'>aequitatis</span> <span class='ocrx_word' id='word_1_199' title='bbox 541 2521 553 2543; x_wconf 92' lang='lat'>,</span> <span class='ocrx_word' id='word_1_200' title='bbox 577 2480 842 2530; x_wconf 84' lang='lat' dir='ltr'>honestatis</span> <span class='ocrx_word' id='word_1_201' title='bbox 865 2498 920 2530; x_wconf 85' lang='lat' dir='ltr'>ac</span> <span class='ocrx_word' id='word_1_202' title='bbox 948 2478 1343 2529; x_wconf 71' lang='lat' dir='ltr'>manifestissimae</span> <span class='ocrx_word' id='word_1_203' title='bbox 1365 2474 1570 2544; x_wconf 80' lang='lat' dir='ltr'>publicae</span> <span class='ocrx_word' id='word_1_204' title='bbox 1592 2474 1720 2524; x_wconf 83' lang='lat' dir='ltr'>utili-</span> 
     </span>
    </p>
   </div>
   <div class='ocr_carea' id='block_1_4' title="bbox 294 2648 1724 2823">
    <p class='ocr_par' dir='ltr' id='par_1_5' title="bbox 294 2648 1724 2823">
     <span class='ocr_line' id='line_1_29' title="bbox 349 2648 1577 2701; baseline -0.005 -7"><span class='ocrx_word' id='word_1_205' title='bbox 349 2657 387 2694; x_wconf 96' lang='grc'>1.</span> <span class='ocrx_word' id='word_1_206' title='bbox 417 2655 472 2693; x_wconf 91' lang='lat' dir='ltr'>Le</span> <span class='ocrx_word' id='word_1_207' title='bbox 491 2662 594 2694; x_wconf 86' lang='lat' dir='ltr'>texte</span> <span class='ocrx_word' id='word_1_208' title='bbox 613 2662 670 2692; x_wconf 92' lang='lat' dir='ltr'>est</span> <span class='ocrx_word' id='word_1_209' title='bbox 688 2652 782 2692; x_wconf 88' lang='lat' dir='ltr'>dans</span> <span class='ocrx_word' id='word_1_210' title='bbox 798 2652 836 2692; x_wconf 90' lang='lat' dir='ltr'>le</span> <span class='ocrx_word' id='word_1_211' title='bbox 857 2653 1006 2692; x_wconf 80' lang='lat' dir='ltr'>Recueil</span> <span class='ocrx_word' id='word_1_212' title='bbox 1026 2653 1091 2689; x_wconf 82' lang='lat' dir='ltr'>des</span> <span class='ocrx_word' id='word_1_213' title='bbox 1111 2648 1224 2697; x_wconf 66' lang='lat' dir='ltr'>Orcl„</span> <span class='ocrx_word' id='word_1_214' title='bbox 1242 2659 1269 2688; x_wconf 91' lang='lat' dir='ltr'>t.</span> <span class='ocrx_word' id='word_1_215' title='bbox 1291 2650 1403 2698; x_wconf 80' lang='lat' dir='ltr'>XIII,</span> <span class='ocrx_word' id='word_1_216' title='bbox 1422 2663 1463 2701; x_wconf 91' lang='lat' dir='ltr'>p.</span> <span class='ocrx_word' id='word_1_217' title='bbox 1483 2649 1577 2690; x_wconf 74' lang='lat'><strong>267.</strong></span> 
     </span>
     <span class='ocr_line' id='line_1_30' title="bbox 348 2707 1724 2766; baseline -0.006 -14"><span class='ocrx_word' id='word_1_218' title='bbox 348 2716 387 2753; x_wconf 70' lang='grc' dir='ltr'>Ξ.</span> <span class='ocrx_word' id='word_1_219' title='bbox 420 2710 641 2752; x_wconf 76' lang='lat' dir='ltr'>Assemblee</span> <span class='ocrx_word' id='word_1_220' title='bbox 665 2711 719 2751; x_wconf 89' lang='lat' dir='ltr'>du</span> <span class='ocrx_word' id='word_1_221' title='bbox 740 2713 882 2766; x_wconf 79' lang='lat' dir='ltr'>cierge,</span> <span class='ocrx_word' id='word_1_222' title='bbox 904 2714 926 2751; x_wconf 69' lang='grc' dir='ltr'>ὲ</span> <span class='ocrx_word' id='word_1_223' title='bbox 945 2714 1105 2760; x_wconf 85' lang='lat' dir='ltr'>Rouen,</span> <span class='ocrx_word' id='word_1_224' title='bbox 1128 2722 1176 2749; x_wconf 90' lang='lat' dir='ltr'>en</span> <span class='ocrx_word' id='word_1_225' title='bbox 1193 2707 1346 2758; x_wconf 86' lang='lat' dir='ltr'>janvier</span> <span class='ocrx_word' id='word_1_226' title='bbox 1373 2708 1475 2748; x_wconf 74' lang='lat'>1450</span> <span class='ocrx_word' id='word_1_227' title='bbox 1494 2710 1724 2757; x_wconf 73' lang='lat' dir='ltr'>(Thesaurus</span> 
     </span>
     <span class='ocr_line' id='line_1_31' title="bbox 294 2768 1721 2823; baseline -0.006 -10"><span class='ocrx_word' id='word_1_228' title='bbox 294 2775 486 2823; x_wconf 64' lang='lat' dir='ltr'>anecdot„</span> <span class='ocrx_word' id='word_1_229' title='bbox 502 2774 701 2823; x_wconf 82' lang='lat'>1,1818);</span> <span class='ocrx_word' id='word_1_230' title='bbox 720 2775 742 2811; x_wconf 71' lang='grc' dir='ltr'>ὲ</span> <span class='ocrx_word' id='word_1_231' title='bbox 764 2772 958 2822; x_wconf 80' lang='lat' dir='ltr'>chartres,</span> <span class='ocrx_word' id='word_1_232' title='bbox 979 2784 1029 2810; x_wconf 85' lang='lat' dir='ltr'>en</span> <span class='ocrx_word' id='word_1_233' title='bbox 1054 2769 1131 2809; x_wconf 83' lang='lat' dir='ltr'>mai</span> <span class='ocrx_word' id='word_1_234' title='bbox 1154 2771 1257 2807; x_wconf 73' lang='lat'>1450</span> <span class='ocrx_word' id='word_1_235' title='bbox 1279 2769 1424 2817; x_wconf 74' lang='lat' dir='ltr'>(Gallia</span> <span class='ocrx_word' id='word_1_236' title='bbox 1445 2768 1600 2815; x_wconf 63' lang='lat' dir='ltr'>Christ„</span> <span class='ocrx_word' id='word_1_237' title='bbox 1617 2770 1721 2816; x_wconf 90' lang='lat' dir='ltr'>VIII,</span> 
     </span>
    </p>
   </div>
   <div class='ocr_carea' id='block_1_5' title="bbox 297 2828 1728 2941">
    <p class='ocr_par' dir='ltr' id='par_1_6' title="bbox 297 2828 1728 2941">
     <span class='ocr_line' id='line_1_32' title="bbox 297 2828 1728 2883; baseline -0.006 -10"><span class='ocrx_word' id='word_1_238' title='bbox 297 2836 439 2883; x_wconf 50' lang='lat' dir='ltr'><strong>1184ss</strong></span> <span class='ocrx_word' id='word_1_239' title='bbox 454 2834 475 2870; x_wconf 77' lang='lat' dir='ltr'>a</span> <span class='ocrx_word' id='word_1_240' title='bbox 491 2834 678 2883; x_wconf 80' lang='lat' dir='ltr'>Bourges,</span> <span class='ocrx_word' id='word_1_241' title='bbox 694 2844 796 2883; x_wconf 87' lang='lat' dir='ltr'>pour</span> <span class='ocrx_word' id='word_1_242' title='bbox 809 2831 847 2871; x_wconf 88' lang='lat' dir='ltr'>la</span> <span class='ocrx_word' id='word_1_243' title='bbox 862 2830 1029 2871; x_wconf 81' lang='lat' dir='ltr'>seconde</span> <span class='ocrx_word' id='word_1_244' title='bbox 1043 2830 1132 2880; x_wconf 82' lang='lat' dir='ltr'>fois,</span> <span class='ocrx_word' id='word_1_245' title='bbox 1147 2843 1196 2868; x_wconf 87' lang='lat' dir='ltr'>en</span> <span class='ocrx_word' id='word_1_246' title='bbox 1209 2828 1426 2881; x_wconf 86' lang='lat' dir='ltr'>septembre</span> <span class='ocrx_word' id='word_1_247' title='bbox 1442 2830 1546 2867; x_wconf 68' lang='lat'>1440</span> <span class='ocrx_word' id='word_1_248' title='bbox 1559 2831 1709 2877; x_wconf 78' lang='lat' dir='ltr'>(Recuei</span> <span class='ocrx_word' id='word_1_249' title='bbox 1713 2830 1728 2864; x_wconf 94' lang='lat' dir='ltr'>l</span> 
     </span>
     <span class='ocr_line' id='line_1_33' title="bbox 298 2892 761 2941; baseline 0.002 -11"><span class='ocrx_word' id='word_1_250' title='bbox 298 2896 364 2934; x_wconf 83' lang='lat' dir='ltr'>des</span> <span class='ocrx_word' id='word_1_251' title='bbox 387 2895 500 2941; x_wconf 85' lang='lat' dir='ltr'>0rd.,</span> <span class='ocrx_word' id='word_1_252' title='bbox 514 2894 632 2941; x_wconf 88' lang='lat' dir='ltr'>XIII,</span> <span class='ocrx_word' id='word_1_253' title='bbox 653 2892 761 2940; x_wconf 75' lang='lat'>267).</span> 
     </span>
    </p>
   </div>
  </div>
 </body>
</html>
