2086 3528
773 337 922 375 mmm
946 337 1172 385 Qum'rus.
1590 336 1668 374 24⁹

258 420 488 484 majorem
523 429 706 485 partem
741 418 958 479 tradidit,
1004 419 1095 466 alia
1131 416 1408 466 earumdem
1445 417 1669 481 portione

258 498 319 546 ad
348 497 573 546 tutandos
601 498 904 545 Normanniae
936 496 1054 544 fines
1083 497 1243 545 relicta
1273 506 1319 543 et
1350 512 1437 561 per
1473 511 1668 541 omnem

258 576 544 623 maritimam
565 591 700 622 oram
718 575 931 639 ejusdem
953 575 1198 622 collocata.

324 651 657 717 Aggredientes
685 652 846 716 itaque
870 652 1047 717 praefati
1082 652 1279 699 comites
1307 649 1669 697 Claromonten-

174 792 183 799 ο
257 730 320 776 sis
355 739 402 776 et
445 730 706 787 Dunensis,
755 746 866 776 cum
904 728 1064 775 multis
1099 727 1271 774 militiae
1301 737 1399 774 tam
1442 726 1671 790 equestris

258 824 404 872 quam
434 810 575 856 etiam
602 807 833 873 pedestris
863 806 1087 867 ducibus,
1113 806 1336 853 ducatum
1363 804 1497 851 dictae
1520 820 1671 868 expe-

258 874 450 934 ditionis
464 923 475 943 ‚
504 886 677 949 Anglos
699 895 746 932 et
768 888 1007 932 Vascones
1028 885 1230 931 multum
1251 891 1547 941 terruerunt3
1573 881 1670 929 imo

246 963 353 1027 'jam
390 979 446 1010 ex
482 962 606 1011 fama
642 979 803 1010 rerum
837 962 885 1008 in
927 961 1218 1009 Not-mannia
1264 968 1501 1023 gestarum
1543 958 1673 1006 velut

259 1041 460 1107 pavidos
515 1050 655 1106 atque
703 1040 929 1087 attonitos
983 1039 1115 1087 facile
1168 1047 1215 1085 et
1267 1037 1446 1101 absque
1497 1052 1672 1102 magno

259 1108 457 1183 negotio¹
471 1118 774 1181 subegerunt.
797 1119 917 1164 Sunt
940 1117 1064 1163 inter
1082 1125 1245 1163 caetera
1268 1113 1471 1180 oppida,
1498 1130 1602 1178 quae
1624 1114 1673 1160 in

261 1195 327 1242 eis
350 1195 486 1242 terris
518 1194 652 1259 Angli
681 1193 1131 1259 occupabant,·duo
1162 1192 1399 1258 praecipua
1427 1190 1488 1238 ad
1521 1190 1674 1255 ripam

261 1271 488 1318 Girundae
525 1270 733 1319 fluminis
770 1271 882 1331 sita,
924 1272 1048 1317 inter
1084 1269 1249 1317 urbem
1287 1267 1593 1331 Burdegalam
1628 1278 1675 1315 et

264 1368 411 1413 mare,
434 1351 654 1399 videlicet
674 1351 881 1397 ΒοιιιϊΙι1
903 1360 949 1398 et
971 1350 1140 1414 Blaye,
1169 1366 1274 1414 quae
1295 1348 1441 1396 veluti
1465 1347 1676 1395 fluminis

262 1430 464 1490 ostium,
514 1445 625 1476 cum
666 1428 759 1475 illic
808 1429 1043 1492 ingressus
1088 1444 1141 1475 ex
1187 1427 1306 1474 mari
1357 1426 1431 1473 vel
1477 1424 1588 1472 inde
1625 1423 1677 1471 fit

262 1525 476 1573 egressus
515 1508 576 1556 ad
624 1524 781 1567 mare,
829 1524 1068 1555 asservare
1111 1517 1158 1554 et
1203 1507 1390 1553 munire
1429 1504 1672 1565 videntur;

263 1586 438 1652 quibus
471 1586 666 1645 habitis,
705 1585 837 1633 facile
868 1596 934 1633 est
966 1602 1052 1651 per
1082 1585 1260 1632 flumen
1291 1601 1316 1632 e
1349 1583 1483 1631 terris
1509 1582 1582 1630 vel
1615 1581 1677 1629 ad

265 1674 413 1712 terras
449 1665 574 1730 ipsas
620 1664 970 1728 navigationem
1002 1672 1075 1722 et,
1121 1679 1207 1728 per
1239 1662 1357 1722 hoc,
1393 1659 1678 1708 commercia

264 1741 487 1789 inhiberi.
519 1741 587 1789 Ad
610 1741 709 1789 haec
731 1742 872 1805 igitur
897 1740 1182 1801 obtinenda,
1207 1739 1338 1787 velut
1361 1737 1515 1785 claves
1543 1752 1679 1801 quas—

266 1818 377 1866 dam
409 1818 675 1884 aperiendae
708 1817 996 1880 Burdegalae,
1036 1816 1212 1882 praefati
1253 1815 1489 1881 principes
1527 1822 1679 1860 castra

265 1896 526 1944 successive
547 1905 826 1961 posuerunt.
854 1894 1039 1953 Quibus
1063 1894 1194 1941 duris
1223 1891 1554 1940 obsidionibus
1578 1907 1680 1938 ma-

266 1973 612 2038 chinarumque
644 1989 699 2020 ac
738 1973 1048 2038 petrariarum
1093 1970 1418 2030 tunsionibuS‚
1458 1969 1596 2016 simul
1635 1978 1680 2015 et

269 2050 638 2098 necessariarum
653 2067 813 2097 rerum
830 2050 994 2115 inopia
1008 2049 1144 2096 brevi
1160 2058 1374 2113 tempore
1390 2046 1654 2094 constrictis
1664 2081 1677 2102 ,

267 2128 328 2175 ad
354 2128 648 2175 deditionem
670 2128 934 2175 faciendam
953 2127 1171 2174 obsessos
1185 2129 1199 2151 ²
1218 2134 1476 2190 coegerunt
1494 2126 1524 2171 ⁸.

334 2209 564 2253 Putarunt
597 2205 854 2271 aliquando
889 2205 1067 2269 Anglici
1097 2216 1143 2253 et
1175 2209 1414 2253 Vascones
1447 2202 1682 2268 quosdam

269 2300 327 2330 ex
368 2287 657 2331 Francorum
698 2283 950 2343 militibus,
994 2284 1077 2348 qui
1105 2283 1227 2331 duce
1253 2283 1429 2330 comite
1463 2280 1646 2327 Dorval
1666 2316 1678 2339 ,

270 2361 366 2408 acri
400 2371 446 2408 et
479 2372 673 2409 strenuo
712 2362 856 2422 duce,
898 2361 1015 2408 fines
1050 2361 1318 2425 Burdegalae
1354 2358 1678 2417 incursabant,

267 2438 549 2502 intercipere
585 2448 630 2486 et
666 2438 928 2496 debellare,
976 2440 1283 2503 exieruntque
1326 2438 1386 2486 de
1425 2434 1684 2499 Burdegala

271 2515 371 2563 duo
405 2516 480 2563 vel
513 2516 602 2564 tria
634 2516 779 2564 millia
812 2527 1103 2565 armatorum
1138 2533 1281 2583 super
1311 2533 1409 2564 eos·
1445 2514 1536 2562 Sed
1571 2529 1684 2560 cum

328 2662 366 2699 1.
396 2662 722 2712 Bourg-sur-Mer.

329 2721 367 2757 2.
406 2719 572 2756 Obsessis
592 2718 687 2757 dans
705 2719 739 2757 le
756 2720 976 2761 manuscrit.

331 2781 369 2820 3.
399 2781 453 2817 La
482 2778 727 2830 capitulation
758 2778 805 2817 de
832 2779 950 2831 Blaye
974 2788 1039 2818 est·
1054 2779 1107 2817 du
1131 2781 1182 2817 2⁴
1212 2778 1288 2817 mai
1317 2778 1414 2814 1451
1448 2784 1486 2814 et
1511 2775 1607 2815 celle
1637 2775 1686 2814 de

278 2841 606 2891 Bourg-sur-Mer
623 2838 676 2876 du
699 2840 764 2879 29.
