2086 3528
511 350 588 388 218
901 346 1244 387 HISTORIARUM
1271 349 1452 389 CAROLI
1477 351 1547 389 vn

511 431 756 481 nonnullis
787 430 1053 492 videretur,
1093 447 1384 498 magnopere
1427 433 1671 494 dissuasit,
1709 451 1798 483 nec
1834 451 1924 501 pro

510 520 728 575 tempore
752 508 803 555 id
825 517 1155 574 opportunum
1178 509 1280 557 fore
1308 511 1530 558 ostendit.
1558 514 1701 573 Nam,
1728 511 1766 558 si
1781 510 1832 559 id
1853 513 1924 560 fa-

510 597 694 647 cerent,
726 603 837 634 cum
860 588 909 634 in
936 586 1026 634 illis
1054 586 1170 634 locis
1191 603 1321 635 arces
1343 590 1669 638 munitissimae
1687 599 1831 656 atque
1848 589 1927 638 fir-

510 666 731 712 missimae
744 665 986 724 exsistant,
1003 681 1108 730 quae
1130 674 1236 711 tum
1254 675 1390 713 erant
1405 666 1664 732 Anglorum
1682 667 1928 716 dumtaxat

509 742 757 790 custoditae
777 742 1025 808 praesidiiS,
1052 752 1302 807 essentque
1324 743 1375 789 in
1397 743 1610 792 inferiori
1633 745 1928 795 Normarmia

510 822 715 886 majores
739 820 1001 884 Anglorum
1037 820 1186 886 copiae
1222 819 1464 868 collocatae
1480 857 1492 880 ‚
1527 822 1861 883 verisimiliter,
1882 825 1928 872 'si

508 899 590 946 illo
607 899 880 960 tenderent,
905 898 1088 946 etiamsi
1105 898 1339 963 indigenae
1356 907 1491 946 terrae
1506 903 1588 948 eos
1601 899 1726 948 intra
1748 900 1929 966 oppida

509 977 666 1041 aliqua
693 977 984 1042 reciperent,
1005 985 1164 1024 tamen
1189 992 1320 1023 arces
1338 975 1458 1037 illas,
1481 977 1573 1023 nisi
1594 993 1683 1042 per
1696 977 1864 1042 longas
1880 980 1930 1026 et

510 1054 726 1101 difficiles
751 1054 1027 1102 obsidiones
1042 1091 1055 1114 ,
1084 1054 1283 1101 minime
1305 1053 1600 1115 obtinerent;
1635 1054 1698 1103 ad
1720 1071 1839 1120 quas
1859 1065 1930 1104 te-

510 1132 709 1192 nendaS,
730 1149 841 1179 cum
853 1131 1107 1180 hostilibus
1123 1130 1340 1197 undique
1362 1131 1551 1198 oppidis
1569 1135 1617 1180 e't
1634 1133 1799 1181 castris
1813 1149 1929 1182 con-

510 1209 627 1258 clusi
642 1220 819 1271 essent,
842 1227 1034 1258 necesse
1049 1219 1170 1258 esset
1182 1226 1265 1257 eos
1282 1210 1441 1257 statim
1458 1223 1662 1258 annonae
1673 1223 1929 1277 rerumque

509 1288 885 1336 necessariarum
901 1288 1153 1354 penuriam
1169 1288 1294 1354 pati,
1321 1297 1369 1335 et
1387 1288 1452 1335 ita
1473 1287 1634 1336 inedia
1654 1287 1931 1355 compulsos

509 1364 728 1412 hostibus
767 1364 938 1413 cedere
952 1403 965 1428 ,
1011 1375 1057 1413 et
1094 1364 1349 1412 conatibus
1381 1365 1477 1413 suis
1517 1364 1766 1413 frustratos
1791 1373 1930 1414 ¹retro

510 1442 640 1490 abire
658 1480 670 1503 ,
699 1443 890 1509 oppidis
913 1460 1018 1508 quae
1040 1459 1140 1490 sese
1162 1442 1403 1490 dedissent
1428 1443 1479 1490 in
1501 1442 1817 1509 perditionem
1846 1442 1930 1492 de·

510 1520 699 1568 relictis.
726 1520 1011 1568 Consultum
1034 1521 1176 1584 igitur
1199 1520 1302 1567 fore
1324 1519 1453 1568 idem
1469 1519 1682 1586 pontifex
1703 1519 1927 1581 ostendit,

510 1613 620 1643 cum
643 1613 672 1644 a
688 1607 840 1660 tergo,
874 1614 1038 1644 versus
1061 1596 1288 1644 Ebroicas
1309 1607 1359 1643 et
1383 1597 1604 1656 Parisios,
1628 1596 1802 1644 multas
1818 1597 1933 1644 civi-

511 1683 628 1722 tates
649 1685 793 1740 atque
818 1675 998 1739 oppida
1016 1684 1062 1721 et
1085 1674 1274 1722 castella
1291 1674 1580 1721 dimisissent
1594 1709 1608 1734 ,
1634 1683 1739 1738 quae
1757 1673 1820 1722 ab
1835 1677 1932 1722 An-

510 1753 641 1816 glicis
683 1753 842 1800 adhuc
874 1752 1175 1814 tenebantur,
1208 1762 1255 1799 et
1284 1753 1529 1818 potissime
1555 1751 1730 1799 urbem·
1751 1751 1932 1799 Rotho-

510 1849 784 1896 magensem
803 1869 814 1891 ,
861 1831 1183 1892 Meduntam¹,
1223 1831 1529 1892 Gisortium’,
1554 1832 1844 1878 ‘Ver-nonem
1866 1835 1932 1878 *et

510 1912 816 1974 Gornayum,
849 1910 1304 1958 Novum-Castrum⁸
1329 1918 1376 1956 et
1400 1908 1794 1967 Calefibeccum',
1830 1920 1932 1957 c'as-

510 1999 639 2036 trum
653 1988 713 2035 de
731 1989 927 2053 Arcquis
939 1991 969 2050 ⁵,
994 1988 1292 2036 Hareflutum
1308 2025 1319 2047 ,
1341 2004 1453 2034 cum
1477 1987 1579 2035 aliis
1593 1986 1810 2053 pluribus
1831 2003 1932 2035 cas-

510 2065 631 2112 tellis
649 2103 660 2124 ,
690 2065 751 2113 ad
775 2082 853 2113 eas
877 2082 965 2130 per
993 2064 1214 2113 ordinem
1237 2063 1574 2129 acquirendas,
1601 2062 1878 2130 inchoando¹
1902 2079 1932 2112 a

511 2143 760 2204 Medunta,
795 2144 1139 2210 procederent3
1176 2153 1222 2190 et
1250 2160 1308 2190 ex
1331 2141 1559 2190 Medunta
1580 2141 1930 2206 Rothomagum

510 2238 692 2279 versus,
710 2232 808 2270 tam
820 2222 956 2286 juxta
969 2221 1178 2268 fluminis
1195 2222 1424 2285 Sequanae
1438 2219 1562 2284 ripas
1580 2234 1727 2284 quam
1741 2219 1791 2266 in
1810 2219 1931 2282 agris

511 2308 558 2346 et
579 2300 715 2346 terris
744 2299 982 2359 finitimis,
1016 2299 1179 2346 omnia
1207 2297 1583 2363 complanarent.
1620 2295 1772 2343 Facile
1801 2296 1931 2344 enim

510 2394 597 2443 per
619 2378 797 2424 flumen
821 2394 877 2424 ex
901 2378 1084 2424 Parisiis
1110 2386 1156 2424 et
1178 2375 1502 2441 superioribus
1526 2375 1662 2422 terris
1683 2390 1930 2422 annonam

512 2465 559 2502 et
575 2454 822 2503 machinas
843 2454 980 2516 belli,
1007 2454 1233 2502 exercitui
1266 2453 1575 2514 necessariaS,
1602 2451 1775 2500 advehi
1800 2451 1930 2499 face-

563 2620 603 2656 1.
634 2619 796 2655 Mantes.

564 2678 603 2715 2.
637 2675 785 2715 Gisors.

565 2739 603 2775 3.
634 2733 876 2774 Neufchfitel.

564 2797 603 2835 4.
635 2793 853 2835 Caudebec.

566 2858 603 2893 5.
632 2858 685 2894 Le
703 2854 865 2893 chateau
884 2852 1085 2904 d’Arques.
