2086 3528
511 383 561 420 28
895 383 1240 423 HISTORIARUM
1266 383 1450 422 CAROLI
1476 384 1546 421 vn

512 467 754 528 sisterent,
790 466 871 513 tali
911 466 1034 512 inter
1068 481 1119 512 se
1151 465 1292 526 ludo,
1330 465 1590 529 Anglorum
1626 467 1928 532 prosperitati

512 543 692 608 optime
726 543 914 607 utrique
949 540 1240 603 serviebant,
1271 553 1324 590 ut
1354 560 1461 590 non.
1483 544 1550 591 eis
1583 543 1773 591 difficile
1806 543 1929 592 foret

512 620 723 667 civitates
765 629 811 666 et
852 620 1030 685 oppida
1070 620 1395 682 Normanniae,
1432 621 1607 668 nullius
1640 620 1802 670 auxilii
1843 638 1924 669 seu

512 696 667 744 solatii
702 696 1030 761 consequendi
1058 713 1191 762 spem
1222 697 1475 759 habentes,
1508 698 1584 746 vel
1615 699 1662 746 vi
1701 708 1750 747 et
1784 699 1928 747 armis

513 790 813 839 expugnare,
838 773 912 821 vel
929 774 979 821 in
1001 773 1299 822 deditionem
1319 776 1546 841 recipere.

972 971 1318 1018 CAPITULUM
1352 972 1454 1016 XII.

515 1093 695 1140 Ingressus
720 1093 1017 1142 Burgundionum
1041 1094 1142 1129 ducis
1165 1094 1204 1129 in
1229 1094 1356 1129 urbem
1379 1093 1633 1138 Parisiensem‚
1656 1102 1691 1129 et
1714 1105 1792 1142 qum
1817 1091 1931 1129 coedes

858 1164 893 1191 et
908 1155 1129 1191 crudelitates
1142 1155 1215 1191 illic
1231 1153 1382 1190 subinde
1400 1162 1485 1189 actae
1499 1154 1582 1189 sint.
1606 1192 1608 1195 v

580 1271 673 1318 Sed
707 1281 753 1318 et
786 1288 915 1319 anno
944 1271 1342 1337 [M.cccc.]xvi11.,
1368 1271 1556 1319 vivente
1577 1268 1737 1318 adhuc
1757 1267 1929 1316 Carolo

515 1363 625 1410 rege
655 1351 736 1409 VI,
762 1349 919 1396 Caroli
941 1352 1024 1396 VII
1046 1360 1204 1415 patre,
1227 1350 1360 1413 cujus
1385 1358 1514 1413 gesta
1535 1346 1777 1395 memoriae
1795 1361 1930 1393 man-

515 1425 675 1473 danda
689 1428 983 1493 suscepimus
994 1465 1006 1489 ,
1023 1429 1106 1492 qui
1122 1428 1319 1475 Carolus
1334 1430 1394 1476 V1
1407 1465 1419 1487 ,
1439 1438 1492 1475 ut
1507 1443 1651 1492 supra
1664 1425 1926 1486 retulimus,

515 1503 657 1567 longa
670 1505 771 1569 jam
793 1505 1043 1554 dementiae
1060 1507 1339 1572 aegritudine
1368 1507 1693 1566 laboraverat,
1715 1508 1931 1570 Burgun-

516 1581 685 1629 diones
713 1583 821 1630 satis
849 1584 1018 1648 exiguo
1047 1602 1274 1645 numero,
1294 1586 1423 1648 vulgi
1450 1584 1675 1644 factione,
1699 1582 1934 1630 Parisien-

516 1659 640 1706 sium
653 1659 825 1706 urbem
839 1660 1053 1724 ingressi,
1073 1661 1192 1709 urbe
1214 1662 1353 1727 potiti
1375 1671 1502 1722 sunt,
1517 1671 1564 1708 et
1579 1661 1628 1707 in
1646 1676 1703 1708 ea
1715 1659 1934 1725 domina-

515 1737 698 1784 tionem
718 1737 1009 1802 habuerunt,
1027 1740 1199 1788 eodem
1224 1750 1326 1788 tum
1347 1739 1520 1787 Carolo
1537 1741 1598 1787 VI
1610 1775 1623 1799 ‚
1640 1738 1778 1785 titulo
1796 1746 1935 1784 tenus

516 1813 775 1876 dumtaxat,
793 1817 1048 1882 imperium
1070 1819 1320 1866 retinente.
1340 1819 1445 1865 Fuit
1461 1828 1620 1865 autem
1638 1814 1936 1880 Burgundio-

516 1910 637 1940 num
676 1895 972 1960 capitaneuS,
1005 1894 1087 1961 qui
1118 1896 1212 1944 illic
1248 1914 1360 1944 cum
1394 1897 1490 1943 suis
1525 1894 1752 1942 militibus
1783 1893 1937 1960 plebis

517 1971 680 2019 favore
701 1973 1001 2021 intromissus
1023 1984 1114 2035 est,
1132 1974 1359 2022 dominus
1376 1973 1436 2021 de
1455 1973 1614 2020 Insula
1633 1971 1779 2033 Adae¹‚
1801 1969 1936 2018 miles

516 2058 735 2098 strenuus
758 2061 900 2115 atque
921 2052 1195 2100 acerrimus.
1222 2055 1341 2099 Cum
1367 2061 1526 2099 autem
1547 2048 1937 2097 Armeniaci‘ma-

518 2143 613 2190 gno
650 2144 852 2175 numero
887 2139 1002 2175 tunc
1031 2129 1080 2175 in
1112 2145 1168 2176 ea
1199 2128 1318 2175 urbe
1347 2137 1528 2187 essent,
1554 2143 1655 2174 sese
1684 2125 1734 2172 in
1764 2140 1935 2189 agmen

517 2222 670 2252 unum
692 2216 934 2270 cogentes,
962 2218 1007 2255 et
1026 2207 1086 2254 de
1109 2207 1293 2256 Bastilia
1314 2223 1394 2254 seu
1421 2216 1575 2254 castro
1599 2204 1698 2252 divi
1717 2202 1933 2263 Antonii,

519 2295 567 2334 et
589 2287 757 2351 plateis
775 2288 941 2334 vicinis
963 2297 1105 2352 atque
1122 2287 1326 2346 aedibus,
1353 2295 1674 2352 erumpentes,
1693 2293 1940 2333 tentarunt

519 2364 664 2412 armis
699 2364 1062 2430 Burgundiones
1095 2366 1323 2431 repellere
1345 2375 1488 2430 atque
1511 2363 1642 2411 urbis
1666 2363 1937 2411 dominium

520 2441 740 2490 retinere.
767 2443 860 2491 Sed
882 2442 1011 2490 urbis
1030 2444 1236 2509 populus
1263 2453 1395 2491 tanto
1421 2453 1536 2490 tunc
1554 2443 1602 2490 in
1629 2442 1937 2490 Armeniaco-

520 2534 630 2566 rum
659 2535 839 2567 nomen
872 2537 928 2568 ac
962 2530 1150 2584 gentem
1186 2520 1514 2569 inardescebat
1537 2519 1679 2580 odio,
1706 2528 1754 2567 et
1774 2519 1865 2585 ipsi
1886 2519 1935 2567 in

520 2609 621 2647 tam
638 2615 894 2647 numerosa
921 2599 1226 2654 multitudine
1248 2617 1304 2647 ex
1328 2599 1552 2647 omnibus
1572 2597 1772 2646 civitatis
1791 2598 1937 2664 parti-

521 2676 639 2738 bus,
665 2693 762 2725 una
791 2693 903 2724 cum
925 2677 1371 2741 Burgundionibus,
1397 2677 1445 2723 in
1471 2675 1766 2724 adversarios
1787 2675 1936 2722 irrue·

522 2764 652 2816 runt,
666 2754 800 2820 quod
823 2770 906 2802 eos
928 2754 1101 2820 partim
1124 2770 1290 2814 caesos,
1311 2754 1482 2820 partim
1507 2753 1709 2818 fugatos,
1731 2760 1779 2800 et
1796 2750 1932 2813 urbe,

579 2900 616 2935 ¹.
646 2900 700 2937 Le
719 2897 898 2951 seigneur
910 2897 959 2937 de
973 2896 1219 2946 vlle-Adam,
1233 2898 1330 2936 Jean
1347 2896 1395 2936 de
1413 2896 1577 2936 Villiers.
