2086 3528
719 316 865 358 LIBER
891 315 1136 366 QUARTUS.
1557 321 1635 360 195

217 400 330 461 niae,
366 396 601 468 oppidum
628 400 881 466 Fulgeriis¹
908 410 1238 467 nuncupatum
1257 438 1270 463 ‚
1295 401 1430 466 quod
1451 410 1567 461 tunc
1589 412 1636 450 et

135 530 138 533 Δ
214 477 506 544 populorum
539 479 804 545 frequentia·
850 488 897 527 et
935 479 1180 544 opulentia
1218 489 1380 526 rerum
1411 480 1523 527 satis
1562 481 1637 528 in-

213 555 345 620 signe
363 554 514 623 atque'
528 557 766 606 famosum
784 550 1067 606 habebatur.
1095 555 1236 616 Quod
1268 569 1379 604 cum
1404 567 1636 622 opportu-

81 611 87 651 “’
159 629 162 631 ·
213 641 330 682 num
366 635 536 702 praedae
568 636 630 685 ab
667 630 1135 701 aliquibus-ducibus
1165 636 1341 683 militiae
1373 635 1635 701 Angtorum

211 722 313 761 esse
336 720 600 780 putaretur,
629 716 844 763 animum
869 714 1178 762 intenderunt
1201 723 1251 761 ut
1270 714 1428 779 ipsum
1444 715 1633 777 furtim,

211 791 328 840 nihil
351 802 547 858 prorsus
572 793 633 841 de
672 793 884 859 periculo
925 792 1110 840 civibus
1147 792 1242 840 loci
1281 794 1631 857 cogitantibus,

209 862 466 938 caperent,
502 875 548 919 et
588 871 766 919 divitiis
801 872 1056 937 spoliatum
1090 880 1233 936 atque
1268 870 1531 934 nudatum,
1575 873 1636 921 ad

210 946 454 997 uberiores
485 950 668 1015 praedas
713 950 761 996 in
802 950 1045 997 Britannia
1083 947 1354 1007 faciendaS‚
1390 959 1636 998 servarent

207 1031 351 1092 at'que
367 1028 643 1075 retinerent.
670 1030 779 1074 Erat
802 1027 931 1074 enim
955 1026 1016 1074 ad
1036 1025 1084 1073 id
1108 1027 1218 1074 satis
1241 1026 1631 1086 accommodum,

207 1090 318 1152 eum
358 1103 683 1152 firmissimum
719 1105 955 1170 oppidum
988 1113 1138 1164 esset,
1182 1113 1229 1151 et
1268 1118 1423 1170 prope
1459 1104 1635 1153 limites

208 1176 511 1230 Not-manniae
529 1184 824 1242 consisteret,
853 1183 983 1230 unde
1004 1191 1051 1230 et
1071 1183 1240 1230 solatia
1258 1183 1535 1230 victualium
1554 1219 1566 1242 ‚
1589 1193 1635 1231 et

205 1258 575 1309 subventionem
594 1271 738 1326 atque
759 1261 932 1309 auxilia
952 1260 1158 1308 militum
1184 1259 1316 1308 facile
1340 1269 1532 1325 semper
1551 1260 1636 1308 ha·

204 1336 319 1386 bere
344 1347 556 1404 possent.
588 1338 929 1387 obtendebant
953 1340 1082 1386 enim
1112 1349 1163 1386 ut
1193 1338 1242 1384 id
1262 1338 1389 1402 juste
1420 1348 1467 1385 et
1493 1339 1637 1385 ratio·

204 1415 425 1465 nabiliter
469 1415 624 1465 facere
666 1417 961 1476 viderentur,
1005 1416 1342 1481 hujuscemodi
1382 1416 1597 1464 colorem
1619 1436 1630 1464 ε

203 1504 313 1542 tiam
338 1507 450 1543 cum
467 1495 564 1543 dux
577 1495 820 1544 Johannes
835 1534 846 1555 ,
868 1496 1010 1560 hujus
1020 1495 1256 1543 Francisci
1268 1505 1420 1560 pater,
1445 1505 1498 1542 ut
1518 1495 1634 1544 ferc-

202 1570 335 1633 bant,
360 1572 640 1638 homagium
663 1574 761 1639 regi
783 1573 1044 1638 Anglorum
1067 1573 1374 1639 praestitisset,
1401 1582 1631 1637 tanquam

201 1649 302 1714 ejus
335 1650 562 1700 vassallus
592 1651 651 1699 ad
676 1664 868 1700 causam
896 1652 1095 1700 ducatus
1121 1651 1453 1713 Normanniae,
1502 1651 1633 1699 idem

203 1729 477 1778 Franciscus
494 1766 506 1790 ‚
546 1731 800 1795 requisitus
844 1724 1121 1795 hujusmodi
1158 1729 1441 1794 homagium
1478 1729 1631 1777 facere

200 1808 299 1871 regi
334 1807 619 1873 Anglorum‚
653 1815 916 1864 recusarat,
955 1809 1209 1874 ipsumque
1229 1803 1511 1871 homagium
1535 1811 1631 1856 Ca-

199 1886 307 1950 rol‘o
322 1887 422 1951 regi
437 1889 730 1934 Francorum
751 1886 923 1933 fecerat
942 1904 954 1947 3
979 1896 1177 1952 propter
1196 1886 1330 1951 quod
1354 1895 1503 1933 terras
1522 1903 1629 1933 suas

199 1963 261 2011 ad
281 1975 477 2011 manum
500 1965 700 2029 regiam,
727 1963 873 2011 veluti
902 1963 1185 2012 confiscatas
1209 1964 1274 2011 ob
1297 1965 1478 2012 crimen
1511 1965 1628 2013 laesae

199 2043 472 2108 majestatis,
495 2044 621 2108 juste
643 2043 751 2109 capi
773 2042 948 2090 debere
973 2043 1260 2092 asserebant.

263 2118 335 2169 Ad
356 2120 489 2187 quod
508 2121 704 2169 solerter
720 2119 1080 2185 exsequendum
1097 2120 1270 2187 delegit
1285 2122 1412 2169 inter
1430 2131 1627 2170 caeteros

196 2190 294 2248 dux
327 2200 636 2248 Summerseti
664 2199 911 2265 praefatus,
948 2209 1178 2265 tanquam
1203 2197 1410 2248 maxime
1437 2197 1498 2248 ad
1528 2197 1625 2248 hoc

194 2275 448 2339 idoneum,
486 2276 744 2343 quemdam
787 2277 987 2324 militem
1031 2278 1336 2326 Franciscum
1357 2279 1388 2340 ’‚
1426 2278 1622 2326 natione

196 2355 572 2420 Arragonensem
604 2371 686 2403 seu
717 2354 1035 2413 Celtiberum,
1070 2356 1323 2404 custodem
1367 2365 1413 2404 et
1443 2357 1622 2422 capita-

192 2450 340 2482 neum
353 2433 583 2482 Vernolii.
610 2434 722 2481 Erat
740 2433 868 2481 enim
887 2433 937 2480 in
958 2431 1101 2481 rebus
1119 2427 1322 2497 bellicis,
1345 2443 1392 2482 et
1414 2435 1621 2482 maxime

191 2511 253 2559 ad
277 2510 679 2577 intercipiendum
701 2521 747 2558 et
768 2511 931 2558 furtim
947 2511 1315 2576 ingrediendum
1338 2513 1551 2560 civitates
1573 2522 1621 2559 et

191 2589 370 2656 oppida
390 2602 478 2656 per
499 2599 761 2638 nocturnos
783 2588 1112 2651 inscalatore5‚
1142 2591 1343 2639 callidus
1368 2600 1415 2638 et
1437 2598 1619 2638 astutus

245 2765 282 2804 1.
313 2767 395 2803 Fou
423 2765 523 2804 eres.

243 2830 283 2868 2.
313 2833 386 2869 Les
398 2779 681 2882 {hroniqueurs
699 2830 864 2882 francais
882 2829 1107 2882 l'appellent
1122 2829 1308 2881 Francois
1329 2827 1531 2869 Surienne.
