2086 3528
641 366 789 403 LIBER
815 365 1085 404 SECUNDUS.
1526 363 1574 400 61

169 458 217 509 et
237 447 535 508 tradimenta,
556 446 797 495 nonnullae
813 448 956 495 etiam
978 463 1078 494 non
1101 456 1288 493 tantum
1305 445 1450 492 semel
1466 461 1579 510 oap-

169 534 242 586 tae,
260 524 344 572 sed
363 524 530 590 saepius
551 523 765 571 hostium
787 541 842 572 ac
857 524 1140 589 praedonum
1162 522 1418 588 direptioni
1437 531 1579 586 atque

81 601 95 614 ³
168 601 375 664 ludibrio
394 600 678 668 patuerunt!
701 601 887 660 Quibus
905 618 1038 668 paene
1053 601 1254 649 similem
1274 600 1452 648 exitum
1464 600 1582 647 fece-

169 690 281 739 runt
299 681 551 728 innumera
563 679 659 727 fere
681 697 766 744 per
789 697 984 728 omnem
1001 680 1199 728 Galliam
1214 679 1346 737 loca;
1373 695 1580 743 quorum

169 755 209 803 si
226 753 409 820 singula
441 754 701 802 infortunia
729 764 777 801 et
801 754 1062 802 exitiabiles
1082 770 1216 801 casus
1244 753 1417 800 referre
1441 752 1583 799 velle-

172 850 291 893 muS,
309 832 458 880 multa
476 831 614 880 nobis
631 831 866 880 librorum
878 833 1121 880 volumina
1143 831 1386 896 implenda
1407 839 1578 878 essent.

169 909 264 974 Sed
285 905 347 958 ad
368 909 526 973 aliqua
557 920 822 957 memoratu
849 910 1065 974 digniora
1091 908 1378 956 veniendum
1400 917 1495 967 est,
1522 923 1583 954 ne

169 987 430 1053 legentibus
452 989 645 1036 onerosi
667 988 993 1053 fastidiosique
1015 987 1326 1035 inveniamur,

637 1183 979 1231 CAPITULUM
1016 1186 1116 1231 VII.

356 1307 515 1351 Qualiter
529 1307 650 1342 civitas
663 1308 923 1343 Aurelianensis
936 1308 980 1342 ab
997 1307 1151 1354 Anglicis
1166 1307 1303 1342 obsessa
1317 1307 1394 1341 fuit.

236 1418 564 1477 Quadriennio
591 1419 825 1484 siquidem
842 1430 924 1467 aut
942 1420 1066 1468 circa
1087 1430 1197 1486 post
1219 1419 1434 1485 praelium
1458 1418 1587 1484 apud

170 1498 450 1546 Vernolium
463 1499 687 1560 decurs0‚
712 1516 823 1547 cum
847 1500 1026 1563 Anglici
1045 1517 1190 1565 supra
1212 1500 1387 1564 Ligeris
1407 1499 1586 1546 flumen

171 1577 404 1626 nonnulla
434 1577 749 1626 obtinuissent
780 1579 959 1644 oppida
990 1596 1071 1626 seu
1112 1578 1324 1638 castella,
1371 1577 1590 1625 videlicet

175 1658 388 1721 Gergeau
420 1655 481 1703 ad
502 1666 708 1721 quatuor
729 1655 886 1704 leucas
920 1674 1064 1722 supra
1088 1657 1476 1704 Aurelianensem
1499 1673 1589 1703 ur-

171 1730 307 1795 bem,
337 1734 585 1782 Modinum
608 1738 620 1760 ¹
648 1751 763 1782 vero
794 1734 855 1782 ad
887 1744 1093 1799 quatuor
1134 1735 1349 1782 similiter
1379 1744 1426 1782 et
1465 1739 1588 1781 Βαα-

170 1812 307 1875 gensi
341 1812 402 1859 ad
433 1821 614 1878 septem
657 1812 779 1860 infra
815 1812 990 1860 dictam
1035 1812 1235 1867 urbem,
1274 1829 1419 1877 supra
1462 1813 1590 1877 ripas

174 1887 386 1952 ejusdem
420 1889 649 1949 fluminis,
700 1899 966 1936 statuerunt
1016 1889 1168 1954 ipsam
1204 1889 1592 1937 Aurelianensem

176 1964 341 2013 urbem
365 1967 572 2031 aggredi,
597 1984 748 2032 opum
772 1967 1066 2015 abundantia
1083 1977 1129 2015 et
1146 1967 1458 2032 populorum,
1483 1977 1594 2014 ante

175 2041 348 2090 multas
381 2042 523 2103 alias,
552 2054 666 2090 tunc
702 2043 966 2108 frequentia
995 2053 1043 2090 et
1076 2044 1419 2091 numerositate
1455 2043 1594 2091 refer·

176 2127 290 2166 tam.
328 2122 465 2178 Quae,
493 2137 603 2168 cum
630 2121 903 2168 suburbana
926 2121 1126 2168 haberet
1148 2121 1324 2186 ampla,
1351 2131 1518 2187 utpote
1544 2122 1593 2168 in

177 2195 349 2258 quibus
389 2208 544 2246 essent
577 2209 786 2263 quatuor
826 2209 1091 2246 conventus
1129 2198 1359 2246 ordinum
1397 2199 1595 2247 mendi-

178 2274 388 2322 cantium
411 2285 458 2322 et
480 2276 674 2340 insignis
700 2276 947 2340 collegiata
977 2275 1174 2323 ecclesia
1202 2276 1362 2324 Sancti
1392 2277 1589 2338 Auiani,

179 2366 290 2397 cum
312 2351 533 2416 pluribus
551 2353 901 2418 parochialibus
927 2353 1135 2401 ecclesiis
1161 2363 1208 2400 et
1227 2353 1328 2401 aliis
1348 2355 1590 2416 oratoriis,

180 2427 318 2475 multi
351 2429 476 2477 cives
502 2432 637 2480 veriti
670 2450 758 2492 ne,
800 2442 848 2479 et
881 2432 942 2480 ad
977 2450 1026 2480 se
1059 2433 1408 2498 protegendum
1441 2434 1596 2499 impu-

182 2506 522 2572 gnandumque
574 2510 811 2558 civitatem
832 2548 844 2572 ,
885 2510 972 2558 ista
1009 2510 1228 2558 hostibus
1266 2511 1592 2570 deservirent,

183 2586 491 2649 comportatis
517 2586 637 2635 infra
660 2589 861 2649 moenia,
887 2605 993 2653 quae
1014 2588 1109 2635 illic
1137 2589 1475 2649 constiterant,
1507 2589 1597 2635 bo-

184 2662 273 2722 nis,
301 2661 466 2710 eadem
494 2663 601 2726 igne
624 2675 912 2725 cremantes,
940 2666 990 2712 in
1012 2665 1189 2713 favillas
1215 2666 1493 2730 cineresque
1521 2681 1597 2712 re—

185 2739 321 2787 dacta
343 2739 406 2788 ad
430 2739 588 2787 solum
612 2758 758 2806 usque
780 2742 1163 2811 complanarunt.

240 2880 256 2914 1
270 2906 279 2916 .
310 2875 662 2915 Meun-sur-Loire.
