2086 3528
518 403 568 440 16
892 401 1238 439 HISTORIARUM
1264 402 1448 440 CAROLI
1475 403 1546 440 VII

517 499 650 549 gam,
676 490 876 547 pontem
892 519 905 544 ,
933 491 1064 529 metu
1087 482 1317 548 perculsi,
1343 501 1434 550 pro
1456 501 1545 532 suo
1569 483 1837 532 munimine
1859 483 1946 532 ad-

515 578 680 610 versus
696 560 858 607 hostes
872 559 1108 608 levassent
1127 579 1138 608 :
1158 562 1560 627 prosequentibus
1575 572 1720 628 atque
1741 562 1947 628 graviter

516 638 877 687 imminentibus
898 638 1347 704 Burgundionibus,
1374 650 1445 688 tot
1461 641 1610 706 partis
1629 640 1862 700 adversae,
1884 639 1946 689 de

516 727 663 783 ponte
685 716 934 776 cadentes,
956 716 1006 763 in
1030 717 1230 764 flumine
1251 717 1469 766 suffocati
1485 728 1620 778 sunt,
1646 729 1700 767 ut
1717 757 1729 781 ,
1753 717 1844 767 sub
1861 717 1944 767 illo

515 797 677 863 pontis
713 812 854 856 arcu,
893 796 1104 843 fluminis
1143 813 1308 844 cursus
1341 796 1489 845 ferme
1519 797 1780 863 impeditus
1803 796 1946 846 fuerit

516 884 562 922 et
586 873 877 922 obstructus.

1001 1040 1344 1086 CAPITULUM
1378 1041 1458 1086 vt.

588 1177 644 1212 Ob
658 1189 744 1224 quas
763 1188 884 1212 causas
900 1175 1074 1211 Henricus
1089 1203 1099 1220 ‚
1113 1188 1177 1210 rex
1188 1176 1384 1224 Anglorum
1404 1203 1414 1221 ,
1433 1188 1582 1225 regnum
1592 1176 1815 1213 Francorum
1828 1177 1872 1213 sit

1131 1249 1327 1284 aggressus.

580 1373 701 1419 Cum
732 1380 893 1418 autem
929 1370 1072 1418 talem
1108 1387 1270 1418 rerum
1304 1370 1672 1437 dispositionem
1709 1371 1759 1419 in
1794 1387 1943 1437 regno

515 1452 806 1496 Francorum
829 1449 1012 1513 antiqui
1030 1448 1193 1496 hostes
1214 1449 1361 1515 ipsius
1383 1450 1516 1514 regni
1540 1448 1675 1514 Angli
1698 1448 1941 1510 viderent,

515 1537 562 1575 et
600 1527 818 1575 civilibus
861 1526 1240 1574 dissensionibus
1283 1537 1428 1593 atque
1465 1527 1780 1576 acerbissimis
1821 1527 1959 1578 odiis,

514 1605 719 1652 invicem
735 1605 898 1652 omnia
922 1604 1135 1670 impleri,
1154 1604 1336 1652 turbari
1359 1615 1406 1653 et
1418 1604 1686 1665 confundi,
1702 1614 1944 1672 opportu-

514 1683 711 1731 nitatem
738 1682 927 1730 allatam
948 1682 1036 1729 sibi
1058 1699 1159 1730 esse
1180 1683 1272 1730 rati
1301 1693 1411 1731 sunt
1428 1719 1440 1743 ,
1478 1700 1681 1747 regnum
1703 1683 1866 1749 ipsum
1894 1692 1944 1731 et

513 1771 660 1808 terras
676 1798 688 1822 ,
714 1761 763 1807 in
788 1759 961 1824 quibus
977 1748 1132 1824 jam-a
1154 1760 1314 1807 multis
1351 1761 1490 1808 annis
1521 1761 1600 1824 jus
1621 1759 1799 1809 habere
1821 1777 1943 1809 con-

514 1838 740 1899 tendunt,
776 1837 1038 1885 invadendi
1071 1849 1119 1885 et
1155 1854 1404 1886 armorum
1437 1837 1621 1886 viribus
1641 1838 1937 1903 acquirendi.

578 1917 649 1964 Ad
670 1917 805 1982 quod
828 1917 970 1964 etiam
996 1916 1374 1981 aggrediendum
1400 1933 1500 1963 non
1523 1933 1698 1982 parum
1718 1916 1827 1965 illos
1848 1917 1940 1965 im-

511 1994 756 2061 pellebant
785 1994 962 2042 damna
994 2003 1041 2042 et
1057 1993 1345 2041 detrimenta
1367 2011 1503 2060 paene
1526 1994 1780 2042 innumera
1795 2030 1808 2056 ,
1835 1998 1941 2060 q'uae

510 2074 572 2123 ab
597 2075 676 2138 iis,
702 2074 785 2139 qui
815 2073 1065 2139 piraticam
1100 2073 1149 2119 in
1180 2072 1363 2137 oppido
1398 2072 1459 2120 de
1497 2072 1723 2137 Hareflu¹
1765 2082 1812 2120 et
1854 2089 1941 2139 per

510 2169 646 2201 oram
660 2153 948 2200 maritimam
963 2154 998 2198 N
1002 2150 1265 2198 ormanniae
1275 2150 1579 2211 exercebant,
1593 2149 1791 2214 singulis
1804 2167 1940 2217 paene

507 2230 679 2278 diebus
694 2229 1008 2278 sustinebant.
1029 2231 1151 2275 Cum
1167 2228 1297 2275 enim
1316 2228 1548 2276 insulares
1571 2229 1684 2290 sint,
1705 2228 1756 2276 in
1772 2229 1937 2278 medio

510 2325 694 2357 oceano
718 2309 820 2369 siti,
847 2307 1157 2366 commercia,
1185 2322 1290 2371 quae
1309 2306 1606 2372 permaxima
1629 2305 1698 2353 ibi
1729 2305 1833 2354 fieri
1855 2323 1940 2355 so-

509 2387 687 2446 lebant,
715 2402 815 2433 non
839 2384 931 2432 nisi
953 2401 1039 2449 per
1066 2400 1198 2431 mare
1216 2382 1319 2431 fieri
1342 2393 1570 2449 possunt,
1594 2400 1708 2431 cum
1729 2400 1820 2433 nec
1851 2400 1937 2450 pa-

507 2466 598 2513 tria
628 2465 773 2524 exiri,
807 2461 1217 2528 exportandarum
1252 2462 1486 2509 mercium
1528 2478 1726 2510 suarum
1762 2478 1934 2519 causa,

508 2558 597 2590 nec
628 2541 690 2590 ab
723 2541 893 2588 exteris
923 2539 1143 2603 gentibus
1174 2548 1221 2586 et
1248 2538 1387 2586 terris
1409 2538 1471 2586 ad
1497 2555 1581 2586 eos
1610 2538 1810 2598 accedi,
1842 2539 1936 2588 nisi

506 2619 855 2668 transfretando
871 2654 883 2678 ,
911 2617 1076 2683 possit.
1111 2616 1357 2664 Continuo
1377 2632 1492 2663 vero
1517 2632 1546 2663 a
1570 2615 1708 2664 dictis
1731 2619 1934 2665 Norma-

506 2700 600 2746 nici
619 2698 790 2746 littoris
807 2697 972 2762 piratis
994 2695 1116 2743 adeo
1135 2704 1289 2742 totum
1311 2693 1430 2740 illud
1452 2694 1779 2742 Britannicum
1803 2710 1934 2742 mare

507 2776 833 2837 infestabatur,
860 2774 995 2840 quod
1027 2773 1198 2838 aliquis
1228 2772 1584 2836 negotiatorum
1609 2772 1722 2821 illuc
1750 2771 1932 2821 adeun·

561 2919 579 2955 1
594 2946 600 2953 .
631 2915 822 2954 Harsseur.
