2086 3528
548 363 596 399 62
925 363 1263 401 HISTORIARUM
1290 363 1470 401 CAROLI
1498 364 1569 401 VH

613 444 705 492 Sed
720 461 818 491 non
836 461 894 491 eo
916 445 1075 491 minus
1097 445 1404 493 adventantes
1425 447 1620 508 Anglici,
1647 445 1769 493 duce
1787 450 1960 494 eorum'

547 524 720 570 comite
741 522 1104 585 Salisberiensi¹,
1131 524 1324 587 majoris
1348 541 1403 571 ac
1433 525 1680 590 praecipuae
1702 533 1818 572 tunc
1853 523 1956 590 opi·-

546 600 703 646 nionis
725 600 774 646 in
798 599 940 647 rebus
961 599 1142 647 bellicis
1162 600 1286 647 inter
1309 600 1566 665 Anglorum
1590 599 1735 648 duces
1752 636 1764 660 ‚
1791 609 1957 649 contra

546 678 781 724 civitatem
804 687 954 725 castra
975 678 1156 737 metati,
1179 678 1397 726 eamdem
1413 679 1663 727 obsidione
1683 680 1951 727 cinxerunt.

547 754 759 802 Habebat
793 755 922 802 idem
960 773 1121 803 comes
1150 765 1264 803 tunc
1300 756 1638 804 validissimum
1668 758 1952 818 exercitum,

546 851 688 898 quem
726 835 913 881 noviter
948 852 1005 882 ex
1037 834 1201 898 Anglia
1226 833 1520 900 [adduxerat]
1538 872 1550 895 ,
1589 836 1826 900 adjunctis
1865 833 1957 882 sibi

545 912 894 978 contractisque
914 912 1062 977 copiis
1082 929 1135 959 ex
1165 911 1399 960 veteribus
1419 912 1620 975 Anglicis
1647 914 1729 978 qui
1756 913 1840 960 diu
1856 913 1957 977 jam

543 989 592 1035 in
613 989 762 1036 Gallia
782 989 1115 1037 militaverant.
1143 989 1237 1036 Sed
1253 1006 1364 1036 cum
1385 1006 1441 1036 ex
1463 1006 1518 1037 ea
1539 999 1726 1038 tantum
1747 989 1957 1038 fluminis

544 1076 677 1130 parte
704 1077 844 1131 atque
864 1067 991 1132 ripa,
1022 1068 1069 1113 in
1093 1083 1191 1131 qua
1209 1076 1278 1113 est
1297 1067 1459 1114 civitas
1478 1067 1588 1126 sita,
1622 1077 1774 1115 castra
1803 1067 1957 1133 posita

545 1153 591 1190 et
613 1143 705 1190 illic
721 1144 882 1209 plures
894 1144 1119 1204 bastilias,
1143 1146 1289 1191 instar
1306 1144 1606 1192 castellorum
1628 1153 1844 1205 structas,
1866 1145 1958 1210 ipsi

544 1220 683 1283 Angli
705 1221 843 1268 valde
866 1221 1180 1268 munivissent
1194 1258 1207 1281 ,
1237 1222 1361 1269 cives
1377 1238 1490 1269 vero
1511 1221 1571 1268 de
1594 1231 1721 1268 trans
1744 1221 1922 1269 flumen
1941 1257 1953 1280 ‚

543 1299 728 1360 quoties
751 1299 949 1363 vellent,
988 1299 1148 1364 copias
1182 1302 1476 1346 Francorum
1498 1298 1703 1346 militum
1732 1297 1856 1346 infra
1878 1315 1956 1346 ur-

543 1376 654 1423 bem
672 1394 807 1425 suam
821 1378 1102 1442 reciperent,
1126 1387 1173 1424 et
1197 1393 1440 1429 annonam
1460 1376 1716 1440 largissime
1729 1392 1815 1442 per
1835 1392 1958 1442 pon-

543 1465 639 1501 tem
674 1455 1033 1503 introducerent
1053 1493 1064 1518 ,
1102 1455 1356 1503 consilium
1397 1455 1483 1502 fuit
1519 1453 1722 1518 Anglicis
1767 1454 1959 1519 copiam

542 1533 838 1596 ingrediendi
875 1533 1247 1599 egrediendique
1272 1550 1358 1598 per
1381 1543 1580 1599 pontem
1601 1531 1782 1580 civibus
1812 1541 1956 1597 atque

542 1611 747 1672 Francis,
774 1612 813 1658 si
836 1621 1046 1676 possent,
1073 1610 1391 1659 intercludere
1404 1613 1433 1657 ².
1460 1610 1672 1674 Aggressi
1693 1609 1835 1674 igitur
1855 1624 1959 1656 ma-

542 1688 645 1751 gnis
669 1689 848 1736 viribus
866 1691 1033 1736 turrim
1056 1706 1328 1755 expugnare
1353 1688 1756 1749 munitissimam³,
1771 1703 1877 1752 quae
1899 1702 1958 1734 ex

541 1764 630 1812 alia
654 1767 756 1831 ripa
782 1767 991 1814 fluminis
1008 1778 1208 1832 pontem
1229 1768 1383 1815 munit
1403 1784 1457 1815 ac
1477 1777 1650 1827 tuetur,
1674 1767 1827 1832 ipsam
1841 1765 1891 1812 vi
1911 1773 1959 1825 et

541 1845 684 1891 armis
702 1882 713 1903 ,
752 1846 879 1893 caesis
919 1846 1161 1910 pulsisque
1201 1845 1479 1894 custodibus
1493 1882 1505 1905 ,
1548 1854 1868 1911 expugnatam
1906 1843 1956 1891 in

541 1939 675 1968 suam
699 1923 983 1986 redegerunt
1010 1933 1313 1989 potestatem,
1339 1934 1386 1971 et
1409 1923 1611 1972 militum
1634 1938 1832 1970 suorum
1855 1936 1956 1970 ma-

541 2019 634 2066 gna
656 2002 750 2050 illic
770 2003 984 2068 praesidia
1008 2004 1301 2052 locaverunt.

607 2084 716 2139 Quo
745 2083 866 2129 facto
882 2120 894 2143 ,
926 2099 1036 2130 cum
1065 2084 1165 2146 jam
1189 2100 1279 2130 nec
1303 2100 1360 2130 ex
1385 2098 1480 2130 una
1510 2097 1600 2128 nec
1626 2079 1774 2128 altera
1796 2076 1954 2125 flumi-

542 2159 615 2206 nis
647 2160 859 2224 partibus
893 2175 1084 2207 annona
1116 2160 1190 2207 vel
1223 2160 1317 2207 ulla
1348 2158 1540 2206 vivendi
1571 2156 1736 2204 solatia
1771 2153 1954 2203 civibus

541 2239 875 2301 provenirent,
900 2237 1017 2284 urbe
1050 2238 1263 2302 undique
1288 2238 1429 2284 armis
1451 2245 1498 2283 et
1519 2235 1682 2283 castris
1702 2231 1955 2280 hostilibus

541 2316 906 2378 circumvallata,
933 2316 1158 2363 coarctati
1181 2326 1289 2362 sunt
1311 2331 1408 2362 non
1434 2313 1585 2361 multo
1608 2322 1714 2378 post
1739 2312 1866 2358 cives
1885 2317 1951 2371 et,

541 2394 624 2458 qui
648 2394 741 2442 illic
765 2396 812 2441 in
838 2394 1056 2459 praesidio
1089 2392 1436 2450 consistebant,
1472 2391 1670 2449 milites,
1696 2387 1955 2436 multarum

595 2581 613 2617 1
625 2611 633 2619 .
665 2581 719 2619 La
738 2578 972 2617 destruction
991 2578 1058 2616 des
1075 2577 1283 2630 faubourgs
1301 2575 1407 2615 n’eut
1429 2575 1507 2613 lieu
1525 2573 1704 2626 qu’apres
1720 2572 1758 2612 la
1777 2577 1878 2611 mort
1899 2569 1953 2610 du

542 2648 666 2679 comte
685 2639 735 2678 de
754 2638 964 2689 Salisbury.
983 2637 1040 2676 Cf.
1066 2639 1229 2675 Journal
1248 2638 1299 2673 (lu
1318 2639 1416 2687 siege
1440 2635 1661 2675 d'Orle'ans.

596 2702 635 2737 2.
665 2701 764 2738 C'est
795 2711 843 2736 au
875 2697 1063 2736 contraire
1091 2710 1161 2749 par
1186 2697 1221 2735 le
1246 2696 1330 2734 cote
1367 2694 1650 2734 d'outre-Loire
1677 2707 1752 2747 que
1782 2693 1819 2732 le
1849 2690 1953 2745 siege

542 2771 776 2809 commenca,
795 2766 833 2796 et
851 2757 918 2796 des
935 2758 969 2796 le
990 2763 1315 2796 commencement
1330 2755 1384 2794 les
1403 2754 1600 2793 Orleanais
1623 2754 1751 2793 furent
1765 2751 1893 2806 prives
1905 2749 1953 2790 de

543 2817 688 2870 l'usage
710 2817 757 2856 de
774 2817 858 2856 leur
879 2825 985 2868 pont.

599 2882 635 2918 3.
667 2881 720 2918 Le
739 2880 814 2918 fort
832 2877 898 2916 des
916 2877 1125 2917 Tourelles.

1999 0 2086 244 l

2076 255 2086 313 ξ
