2086 3528
527 385 603 424 134
901 378 1244 438 HISTORIARUM
1269 380 1453 423 CAROLI
1479 386 1550 423 VII

526 474 655 528 mus,
684 452 949 513 restaurare
981 474 1029 513 et
1052 463 1321 513 firmissime
1355 466 1675 517 communire.
1713 462 1949 515 Putabam

525 545 654 591 enim
689 542 868 607 Anglos
885 581 897 605 ,
931 555 1043 591 cum
1079 542 1414 608 hujuscemodi
1443 544 1578 611 operi
1612 556 1696 592 eos
1731 541 1951 593 viderent

525 621 804 670 incumbere
831 621 990 686 (quod
1021 621 1059 668 si
1091 621 1154 669 ad
1184 622 1448 687 perfectum
1473 621 1764 689 perductum
1797 626 1948 683 estet,

523 710 710 768 poterat
739 701 1010 766 gravissime
1037 700 1212 760 *urbem
1243 701 1601 766 Rothomagum
1633 708 1883 749 coarctare
1905 704 1953 748 et

524 782 574 828 in
598 779 854 827 discrimen
877 796 979 827 non
1001 796 1205 845 parvum
1227 778 1526 846 adducere),
1552 779 1615 827 ad
1632 779 1729 827 hoc
1750 787 1804 827 ut
1823 772 1954 827 obsi*

526 859 724 906 dionem
748 857 978 905 Harefluti
1007 858 1280 919 solverent,
1309 857 1515 922 adigere.
1554 857 1649 907 Sed
1672 856 1836 924 quoad
1856 846 1954 906 hoc

525 954 609 987 eos
627 954 712 986 sua
732 939 994 987 aestimatio·
1007 938 1168 990 fefellit
1184 977 1197 1001 ,
1221 947 1275 986 ut
1296 936 1519 987 diximus.

560 1036 564 1039 ·
594 1020 744 1065 Porro
764 1018 804 1064 si
822 1017 1038 1064 militaris
1055 1016 1136 1065 illa
1153 1030 1324 1066 manus
1342 1018 1636 1065 Francorum
1648 1054 1661 1079 ,
1683 1029 1786 1066 non
1805 1027 1856 1066 se
1876 1028 1958 1066 oc*

529 1111 711 1161 cupans
753 1094 816 1142 ad
846 1091 962 1143 dicti
993 1095 1088 1143 loci
1110 1101 1318 1161 protunc
1355 1096 1778 1157 restaurationem,
1798 1106 1956 1162 pene*

529 1186 698 1225 trasset
731 1176 794 1224 ad
831 1175 1355 1237 Pontem—Odomari¹,
1395 1180 1442 1223 et
1474 1190 1628 1242 prope
1658 1163 1958 1225 Hareflutum

531 1266 684 1303 castra
703 1254 963 1320 posuisset,
994 1254 1124 1303 unde
1152 1254 1215 1302 ad
1243 1250 1472 1302 alendum
1498 1254 1759 1303 exereitum
1783 1252 1958 1320 Anglo⁶

532 1350 643 1382 rum
663 1346 909 1381 annonam
934 1333 1107 1382 advehi
1140 1334 1464 1382 necessarium
1490 1337 1616 1397 erat,
1644 1324 1861 1401 profecto
1882 1328 1959 1382 in-

532 1422 606 1460 tra
626 1412 728 1460 dies
752 1412 1064 1478 paucissimos
1083 1412 1319 1479 oppidum
1352 1413 1600 1461 obsessum
1624 1410 1686 1461 ab
1707 1408 1961 1477 obsidione

534 1488 829 1538 liberassent.
862 1489 918 1537 Id
942 1504 1059 1538 vero
1082 1490 1238 1538 facere
1263 1489 1519 1538 consilium
1541 1485 1742 1539 minime
1764 1498 1964 1556 accep&

534 1578 666 1628 rant,
703 1568 788 1615 sed
831 1567 951 1615 illud
982 1569 1145 1634 potius
1185 1568 1320 1634 quod
1351 1567 1659 1634 praediximus
1694 1567 1962 1635 oppidum,

536 1647 713 1695 scilicet
737 1647 1047 1693 Locumveris
1062 1683 1075 1709 ,
1101 1647 1151 1694 in
1178 1660 1277 1710 quo
1299 1645 1517 1712 plurimae
1545 1643 1705 1695 adhuc
1731 1644 1966 1694 aedesrea-

536 1726 661 1773 lictae
684 1733 820 1773 erant
837 1762 849 1785 ‚
873 1725 1139 1773 instaurare
1163 1735 1211 1772 et
1228 1726 1471 1773 munitum
1493 1724 1664 1773 facere.
1696 1722 1842 1785 Quod
1864 1733 1967 1774 non

539 1805 699 1852 minus
732 1803 799 1850 eis
824 1803 1139 1869 postmodum
1173 1803 1377 1851 contulit
1409 1796 1705 1868 adjumenti,
1740 1812 1890 1869 quam
1927 1797 1969 1852 si

539 1881 840 1929 Hareflutum
872 1880 1144 1943 obsessum,
1166 1880 1248 1929 illo
1276 1897 1423 1947 opere
1446 1874 1690 1945 neglecto,
1713 1878 1968 1931 obsidione

540 1960 835 2009 liberassent.
859 1963 1065 2025 Purgato
1084 1959 1227 2025 igitur
1241 1959 1367 2007 vallo
1386 1956 1642 2021 Lociveris‚
1663 1957 1798 2025 quod
1812 1971 1869 2008 ex
1885 1972 1967 2008 ru-

542 2039 736 2091 deribus
753 2038 974 2106 priorum
996 2038 1229 2085 moenium
1245 2046 1389 2102 atque
1404 2037 1612 2084 turrium
1639 2046 1758 2101 quas
1786 2034 1970 2102 Anglici

543 2126 816 2185 diruerant,
859 2131 912 2169 ut
948 2120 1154 2169 diximus
1173 2155 1186 2179 ‚
1224 2118 1476 2183 impletum
1511 2116 1972 2184 complanatumque

543 2204 720 2260 fuerat,
749 2200 962 2249 decursis
979 2199 1080 2262 jam
1106 2205 1216 2262 post
1239 2195 1335 2243 hoc
1359 2195 1496 2243 annis
1529 2211 1611 2243 sex
1645 2203 1728 2244 aut
1756 2199 1968 2262 septem,

544 2286 722 2332 fossam
759 2291 984 2342 magnam
1020 2291 1106 2341 per
1141 2274 1285 2322 totius
1317 2272 1485 2339 oppidi
1520 2268 1773 2321 circuitum
1803 2272 1972 2324 Franci

544 2364 787 2420 fecerunt,
822 2366 1080 2423 portasque
1113 2353 1348 2416 erigentes
1378 2367 1435 2399 ac
1468 2351 1767 2414 munientes,
1805 2363 1972 2402 muros

546 2441 690 2490 etiam
716 2426 864 2502 ‘atque
894 2445 1046 2481 turres
1075 2441 1122 2480 et
1143 2430 1272 2479 varia
1297 2430 1662 2495 propugnacula
1683 2429 1821 2480 brevi
1858 2436 1974 2479 tem·

546 2534 665 2586 pore
688 2520 1018 2564 exstruxerunt
1034 2529 1047 2573 3
1065 2510 1132 2557 sic
1149 2507 1282 2574 quod
1296 2508 1346 2555 in
1370 2507 1533 2573 paucis
1548 2508 1796 2557 mensibus
1809 2508 1972 2567 locum

548 2593 920 2645 munitissimum
937 2629 949 2651 ,
979 2599 1026 2636 et
1058 2585 1211 2636 multo
1234 2584 1440 2652 amplius
1470 2601 1616 2652 quam
1637 2596 1752 2636 ante
1781 2585 1968 2650 suisset,

547 2675 878 2727 reddiderunt.
898 2676 1134 2719 Feruntur
1151 2668 1244 2715 illic
1260 2668 1412 2715 multo
1429 2676 1647 2732 tempore
1658 2703 1673 2731 ,
1692 2666 1811 2715 dum
1822 2675 1973 2734 caepto

546 2758 840 2807 insisteretur
863 2752 1020 2818 operi,
1053 2749 1195 2798 fuisse
1216 2763 1367 2812 usque
1389 2745 1451 2794 ad
1472 2745 1838 2812 quatuordecim
1858 2743 1973 2794 rnil-

606 2929 618 2963 1
631 2957 641 2967 .
673 2922 1001 2965 Pont-Audemer.
