2086 3528
518 331 595 367 128
894 326 1235 364 HISTORIARUM
1263 328 1444 366 CAROLI
1474 327 1543 364 VII

517 411 751 460 namentis
766 410 1039 457 infestarent
1051 445 1064 467 ,
1083 411 1350 475 cogitarunt
1367 411 1456 476 ipsi
1473 409 1653 457 obsessi
1670 419 1924 475 quatenus,

518 494 555 540 si
583 501 797 558 possent,
825 490 1092 554 Flamingos
1122 507 1177 538 ex
1218 490 1343 538 dicta
1382 491 1651 538 munitione
1679 491 1928 554 ejicerent,

516 580 694 618 certam
708 569 1017 616 nihilominus
1027 585 1160 633 spem
1173 568 1401 616 habentes
1414 569 1474 616 de
1489 568 1698 615 adventu
1709 568 1931 633 proximo

518 648 676 694 classis
698 657 840 711 atque
862 647 1094 694 exercitus
1124 646 1351 707 militum,
1375 647 1481 710 qui,
1504 663 1594 711 pro
1618 663 1702 693 sua
1724 645 1930 694 subven-

516 726 647 772 tione
669 734 812 789 atque
837 724 1011 770 auxilio
1029 761 1040 784 ,
1065 724 1117 769 in
1134 723 1292 770 littore
1310 723 1567 787 Anglicano
1590 723 1926 789 apparabatur.

516 801 739 860 Quodam
776 802 919 866 igitur
942 801 1046 861 die,
1077 817 1190 848 cum
1220 801 1541 865 explorassent
1577 803 1708 867 prius
1749 801 1931 850 obsessi

516 879 705 945 qualem
726 879 993 926 custodiam
1016 894 1193 941 quasve
1215 877 1392 941 vigilias
1422 879 1632 944 praedicti
1650 879 1930 928 Gandenses

514 958 562 1004 in
585 957 709 1004 dicta
732 973 816 1004 sua
843 956 1151 1003 observarent
1172 955 1463 1014 munitione,
1490 957 1692 1020 aggressi
1717 967 1828 1004 sunt
1859 957 1931 1022 ip-

515 1051 615 1082 sam
638 1035 954 1082 muuitionem
971 1049 1257 1098 expugnare.
1280 1032 1351 1082 Ad
1367 1049 1519 1097 quam
1542 1050 1591 1081 se
1617 1034 1930 1082 admoventes

515 1121 561 1158 et
594 1112 740 1159 scalas
773 1112 833 1159 ad
868 1127 1181 1159 conscensum
1216 1110 1533 1175 applicanteS,
1568 1111 1699 1159 nulla
1734 1112 1928 1160 inventa

514 1188 800 1247 resistentia,
819 1188 972 1253 ipsam
995 1188 1297 1235 introierunt.
1322 1190 1372 1233 In
1392 1203 1486 1250 qua
1507 1203 1615 1234 cum
1633 1187 1923 1253 Flamingos,

515 1266 655 1312 nimis
702 1265 763 1311 de
811 1282 895 1312 sua
941 1274 1277 1330 praesumentes
1318 1266 1566 1313 securitate
1588 1303 1600 1326 ,
1642 1267 1931 1314 invenissent

514 1344 631 1392 alios
653 1360 825 1390 somno
848 1343 1121 1408 indulgere,
1144 1343 1260 1391 alios
1281 1343 1756 1392 commessationibus
1773 1354 1821 1392 et
1841 1361 1929 1410 po-

513 1420 798 1483 tationibus,
840 1422 957 1469 alios
992 1439 1106 1469 vero
1139 1431 1321 1468 tesserae
1354 1422 1428 1468 vel
1463 1421 1574 1469 aleae
1608 1422 1934 1485 jactu.otium·

512 1498 732 1562 effugere,
757 1499 885 1563 ipsos
904 1498 1020 1545 nihil
1042 1497 1206 1545 talium
1231 1499 1537 1563 suspicantes,
1563 1498 1860 1564 improvidos
1882 1509 1930 1547 et

511 1576 642 1622 velut
662 1576 911 1637 attonitos,
935 1576 1175 1640 pecudum
1192 1592 1325 1622 more
1338 1612 1350 1634 ‚
1371 1576 1648 1640 jugularunt
1664 1586 1710 1623 et
1728 1576 1928 1624 obtrun-

512 1663 697 1701 carunt.
726 1653 870 1717 Cujus
892 1653 1137 1700 infortunii
1171 1670 1282 1700 cum
1315 1653 1438 1701 fama
1466 1655 1621 1701 statim
1655 1654 1926 1719 Flamingo-

511 1747 617 1777 rum
642 1741 791 1778 castra
824 1730 1086 1795 implesset,
1113 1731 1348 1795 simulque
1386 1732 1528 1778 etiam
1564 1731 1698 1796 quod
1730 1731 1925 1798 quidam

512 1823 569 1854 ex
584 1808 697 1872 ipsis
717 1807 942 1870 Anglicis,
963 1807 1219 1854 scurriliter
1237 1808 1350 1873 ipsis
1363 1809 1616 1872 Flamingis
1627 1808 1923 1872 insultantes,

513 1901 594 1932 eos
621 1885 709 1932 sibi
735 1885 1049 1932 venumdatos
1069 1895 1115 1932 et
1141 1885 1286 1950 paulo
1309 1896 1418 1951 post
1438 1886 1698 1934 tradendos
1719 1885 1929 1935 liberan—

513 1963 697 2027 dosque
719 1963 1083 2022 acclamassent,
1111 1979 1263 2028 pavor
1287 1980 1487 2027 magnus
1517 1963 1832 2027 moestitiaque
1853 1963 1927 2028 ip-

515 2057 677 2087 sorum
700 2039 1053 2103 Flamingorum
1078 2039 1265 2086 animos
1285 2039 1456 2087 affecit.

990 2243 1060 2287 CA
1067 2241 1331 2286 PlTULUM
1364 2241 1441 2284 lx.

763 2369 955 2414 Quomodo
974 2368 1145 2417 Flamingi
1160 2367 1204 2402 de
1222 2380 1283 2403 sua
1298 2367 1482 2402 obsidione
1497 2368 1672 2416 fugerunt.

578 2494 811 2552 Factaque
838 2488 982 2551 vulgo
1007 2489 1130 2534 inter
1152 2504 1234 2534 eos
1267 2487 1647 2536 conclamatione
1669 2498 1716 2536 et
1739 2488 1926 2538 fremitu

513 2588 686 2635 magno
718 2569 850 2634 quod
883 2568 1100 2616 hostibus
1125 2568 1364 2633 prodendi
1398 2568 1712 2634 tradendique
1743 2580 1923 2630 essent,

512 2665 806 2714 aurumque,
855 2664 951 2712 quo
1004 2646 1282 2694 venumdati
1324 2646 1507 2707 forent,
1557 2663 1614 2693 ex
1670 2646 1834 2711 Anglia
1874 2648 1920 2694 in

514 2727 734 2793 proximo
757 2724 915 2772 afferri
939 2722 1165 2783 deberet,
1201 2724 1354 2783 illico,
1383 2723 1562 2789 absque
1589 2724 1660 2771 sui
1699 2724 1925 2791 principis

516 2806 660 2867 scitu,
697 2805 778 2868 qui
808 2820 917 2851 cum
954 2803 1048 2849 suis
1079 2802 1283 2850 Picardis
1319 2819 1519 2849 numero
1554 2802 1716 2867 paucis
1742 2818 1798 2849 ex
1832 2801 1924 2853 alia
