2086 3528
503 392 579 430 100
883 392 1225 431 HISTORIARUM
1252 394 1434 431 CAROLI
1462 394 1532 431 VII

928 600 1127 654 LIBER
1184 602 1485 655 TERTIUS.

1122 771 1296 778 —-——

892 880 1235 927 CAPITULUM
1269 883 1520 929 PRIMUM.

495 1001 707 1047 Quanquam
727 1013 797 1049 pax
816 1002 908 1037 facta
929 1010 963 1036 et
980 1004 1098 1050 jurata
1116 1003 1182 1037 fuit
1201 1002 1295 1037 inter
1309 1015 1428 1050 regem
1447 1003 1615 1038 Carolum
1631 1013 1666 1039 et
1688 1003 1914 1053 Philippum,

539 1061 839 1108 Burgundionum
858 1060 1006 1106 ducem,
1028 1061 1223 1097 concordia
1242 1070 1359 1097 tamen
1378 1063 1474 1097 nulla
1498 1075 1563 1097 nec
1586 1062 1740 1098 amicitia
1755 1072 1816 1099 aut
1836 1076 1915 1100 rara

542 1121 621 1157 fuit.

557 1254 676 1298 Pace
703 1251 845 1314 igitur
868 1252 989 1299 facta
1014 1262 1059 1300 et
1094 1253 1346 1300 conciliata
1378 1252 1508 1318 apud
1536 1251 1835 1310 Atrebatum,
1862 1263 1916 1300 ut

492 1330 833 1394 praemisimus,
874 1330 995 1376 inter
1033 1330 1280 1390 Carolum,
1310 1333 1606 1377 Francorum
1641 1346 1832 1393 regem,
1868 1340 1915 1378 et

491 1405 780 1471 Philippum,
816 1406 1214 1469 Burgundionum
1241 1407 1438 1468 ducem,
1473 1423 1558 1472 per
1583 1407 1914 1471 hujuscemodi

490 1485 620 1549 pacis
640 1485 871 1549 capitula,
896 1485 1102 1549 plurima
1125 1485 1265 1532 valde
1291 1485 1612 1532 favorabiliter
1634 1501 1662 1532 a
1690 1501 1800 1550 rege
1824 1486 1914 1551 ipsi

490 1578 716 1610 concessa
743 1573 854 1609 sunt
892 1563 1113 1628 Philippo
1147 1574 1192 1610 et
1225 1563 1428 1610 indulta.
1459 1563 1648 1628 Accepit
1671 1563 1800 1610 enim
1822 1579 1912 1628 pro

492 1657 541 1686 se
573 1650 620 1685 et
652 1639 922 1686 haeredibus
946 1640 1052 1702 ,suis
1085 1641 1295 1687 civitates
1319 1649 1365 1687 et
1401 1640 1655 1688 comitatus
1687 1640 1910 1688 Autissio-

488 1718 717 1765 dorenses
740 1727 786 1765 et
808 1719 1212 1778 Matisconenses,
1240 1736 1351 1766 cum
1387 1718 1604 1784 pluribus
1635 1719 1735 1766 aliis
1772 1721 1910 1785 oppi-

491 1797 566 1842 Ais
612 1813 666 1842 ac
704 1796 838 1842 terris
878 1812 983 1860 quae
1018 1796 1138 1859 juris
1174 1813 1364 1843 coronae
1398 1806 1445 1843 et
1482 1796 1711 1860 regalium
1751 1807 1904 1844 erant.

497 1875 683 1939 Accepit
713 1883 760 1920 et
791 1874 1001 1920 civitates
1033 1891 1201 1920 omnes
1236 1884 1376 1938 atque
1405 1874 1595 1921 castella
1626 1875 1701 1922 vel
1728 1874 1908 1941 oppida

486 1969 591 2016 quae
622 1968 765 2016 supra
796 1952 977 1998 flumen
1016 1954 1292 1999 Summonae
1321 1969 1378 1999 ex
1415 1962 1618 2017 utraque
1643 1953 1745 2018 ripa
1779 1969 1906 2000 con-

486 2030 680 2089 sistunt,
720 2028 956 2093 simulque
996 2029 1160 2076 omnia
1188 2046 1294 2093 quae
1339 2028 1463 2076 ultra
1508 2030 1687 2076 dictum
1725 2029 1903 2077 flumen

486 2116 622 2162 sunt,
667 2122 830 2152 versus
860 2106 1155 2167 Flandriam‚
1184 2094 1280 2154 tani
1324 2107 1371 2153 in
1406 2123 1552 2171 regno
1586 2123 1727 2171 quam
1773 2117 1905 2156 extra

486 2199 710 2247 regnum,
753 2184 802 2230 in
844 2184 979 2230 terris
1007 2184 1198 2248 Imperii
1238 2184 1570 2245 consistentia,
1603 2201 1709 2249 quae
1737 2185 1800 2232 ad
1826 2190 1904 2251 J‘us

484 2262 665 2325 regium
703 2261 1019 2326 pertinebant.
1061 2261 1153 2307 Sed
1190 2261 1463 2325 hujusmodi
1509 2271 1654 2308 terras
1694 2262 1904 2310 fluminis

483 2343 756 2387 Summonae
779 2356 890 2386 cum
912 2356 1078 2386 earum
1103 2338 1350 2397 fructibus,
1378 2338 1776 2399 obventionibus,
1799 2356 1903 2388 vec-

484 2418 701 2482 tigalibus
726 2433 781 2464 ac
805 2416 992 2463 tributis
1015 2417 1196 2482 accepit
1225 2415 1456 2463 tenendas
1483 2433 1537 2463 ac
1570 2417 1897 2481 possidendas,

484 2495 799 2560 quoadusque
822 2510 911 2559 pro
929 2510 1091 2541 earum
1111 2494 1308 2540 luitione
1326 2492 1416 2540 sibi
1439 2494 1899 2558 quadringentorum

484 2573 612 2621 mille
646 2582 891 2620 scutorum
922 2587 1111 2618 summa
1151 2571 1391 2636 persoluta
1421 2582 1566 2631 esset,
1596 2582 1678 2620 aut
1699 2571 1900 2620 haeredi-

481 2651 570 2698 bus
596 2670 605 2698 ε
633 2667 688 2698 ea
709 2650 884 2698 etenim
907 2665 1094 2696 summa
1122 2649 1385 2714 persoluta,
1414 2650 1641 2698 fructibus
1663 2667 1826 2698 earum
1849 2651 1898 2698 in

483 2746 588 2777 eam
624 2728 820 2776 minime
852 2727 1116 2792 imputatis,
1144 2726 1203 2773 ad
1235 2726 1312 2790 jus
1341 2743 1531 2774 coronae
1565 2727 1897 2792 hujuscemodi

481 2816 614 2854 terrae
636 2807 784 2854 libere
807 2815 854 2853 et
877 2806 978 2853 sine
1003 2806 1327 2852 controversia
1351 2808 1522 2854 reverti
1542 2806 1798 2855 debebant.

547 2887 665 2930 Cum
694 2893 852 2931 autem
883 2893 979 2929 tam
1011 2898 1124 2929 caro
1147 2892 1302 2947 empta
1335 2882 1493 2930 fuisset
1515 2901 1602 2949 per
1623 2900 1780 2948 regem
1804 2898 1894 2949 pax
