2086 3528
717 335 864 387 Lim-:²11
891 332 1123 399 oomnis.
1560 352 1637 389 283

181 439 185 446 “
221 419 440 498 phinatu3
466 429 550 478 ubi
562 435 715 498 prope
728 432 1111 499 quinquennium
1132 434 1230 500 jam
1248 433 1552 495 remoraths¹‚
1576 428 1638 483 ad

221 515 434 573 patrem,-
462 505 572 556 licet
592 514 701 556 euni
724 509 902 576 pluries
930 512 991 560 ad
1015 530 1064 561 se
1089 523 1143 560 ut
1166 518 1480 561 reverteretur
1501 525 1639 574 com-7

88 570 96 590 ⁸
222 585 512 646 monuisset,
558 587 756 636 minime
795 592 977 638 curavit
1011 589 1254 638 accedere.
1299 591 1354 637 ln
1394 605 1491 655 quo
1523 600 1641 637 tem-

221 668 398 730 porum
436 663 666 727 decursu,
706 667 857 715 multa
891 669 1001 716 satis
1037 671 1165 716 certe
1200 669 1348 733 impia
1381 678 1427 715 et
1464 667 1642 716 =nefaria

92 760 100 779 ³
147 762 149 765 ·
221 746 536 808 perpetrarat.
561 743 796 792 Defuncta
829 757 1003 811 nempe
1027 756 1112 793 sua
1141 745 1302 810 priore
1334 754 1480 793 uxore
1497 784 1510 803 ,
1537 756 1643 810 quae

222 818 315 867 sibi
341 817 500 879 adhue
531 820 821 870 adolescenti
851 833 1002 889 nupta
1026 823 1206 885 fuerat,
1239 824 1494 871 Scotorum
1522 822 1644 887 regis

222 894 362 958 filiast,
398 897 579 963 absque
610 899 733 946 scitu
758 902 805 947 e't
830 911 1069 948 consensu
1102 900 1249 965 patris
1287 899 1337 946 in
1375 899 1506 946 dicto
1536 898 1644 946 del-

222 973 425 1040 phinatu
448 976 700 1039 exsistens,
727 976 874 1024 filiam
897 977 1032 1025 ducis
1050 972 1300 1025 Sabau'diae
1325 977 1372 1023 in
1397 978 1644 1025 matrimo-

222 1045 360 1101 nium
399 1056 654 1121 assumpsit
669 1057 700 1115 ⁸,
735 1054 856 1109 nihil
893 1054 954 1102 de
989 1064 1191 1121 paterno
1227 1054 1458 1121 imperio,
1492 1053 1569 1102 vel
1603 1055 1647 1102 ei

223 1129 387 1179 debita
414 1133 679 1181 reverentia
712 1144 768 1180 ac
802 1132 1102 1194 obedientia,
1141 1142 1223 1181 aut
1257 1133 1454 1181 minime
1481 1147 1647 1180 curare

165 1259 170 1268 „
223 1222 275 1256 se
296 1207 533 1257 indicans.
557 1212 714 1268 Quam
745 1221 856 1257 cum
881 1211 1165 1275 accepisset,
1192 1221 1292 1258 non¹
1318 1210 1460 1275 longe
1483 1215 1650 1276 postea

224 1286 416 1351 qualem
448 1287 706 1336 amicitiam
739 1288 868 1353 apud
899 1291 950 1335 se
981 1287 1109 1336 idem
1143 1286 1240 1335 dux
1274 1286 1522 1336 Sabaudiae
1557 1304 1648 1352 pro

227 1363 310 1412 tali
333 1364 565 1413 affinitate
589 1365 875 1426 invenisset,
902 1365 992 1413 sibi
1015 1360 1240 1414 ostendit.
1276 1365 1494 1415 Conficta
1519 1367 1649 1414 enim

225 1442 420 1507 querela
442 1441 653 1508 quadam
684 1448 808 1491 vana
834 1454 889 1490 ac
914 1443 1082 1492 frivola
1101 1447 1131 1506 ¹⁶,
1163 1443 1298 1508 cujus
1327 1442 1528 1492 obtentu
1550 1445 1652 1510 ipse

226 1528 273 1569 et
291 1521 515 1571 satellites
533 1522 630 1583 sui,
659 1521 720 1568 ad
744 1532 868 1586 quos
884 1521 1084 1568 alendos
1103 1521 1299 1569 minime
1312 1531 1501 1587 poterat
1518 1520 1653 1569 suffi-
1711 1540 1714 1542 ·

226 1609 336 1648 eet-e
363 1598 694 1665 delphinatus,
730 1599 912 1664 praedas
945 1606 1084 1662 agere
1117 1601 1342 1664 possent,
1369 1613 1457 1646 suo
1483 1611 1652 1646 socero

227 1690 448 1740 guerram
482 1676 669 1734 intulit,
708 1677 758 1723 in
789 1691 887 1740 qua
916 1672 1309 1740 villasbquasdam
1339 1684 1386 1723 et
1423 1674 1654 1741 oppidula

227 1753 477 1802 Sabaudiae
500 1743 672 1819 praedae
706 1764 754 1801 et
787 1753 1046 1820 direptioni
1068 1753 1347 1802 satellitibus
1380 1754 1477 1801 suis
1509 1770 1655 1819 expo-

228 1825 338 1880 suit.
365 1836 456 1880 Pro
479 1849 576 1898 qua
597 1832 809 1880 sedanda
829 1837 899 1893 et,
925 1833 975 1880 in
998 1843 1109 1879 e‘um
1123 1834 1136 1857 ³
1158 1849 1219 1880 ne
1241 1831 1479 1880 deteriora
1502 1841 1656 1882 atten-

228 1920 377 1974 taret,
402 1905 734 1960 submovenda
753 1949 765 1971 ,
801 1911 931 1958 idem
965 1924 1102 1958 socer
1123 1911 1266 1958 etiam
1299 1921 1471 1973 magna
1507 1927 1656 1976 pecu-

230 1989 320 2037 niae
342 1990 609 2055 quantitate
631 2004 734 2037 sese
755 1989 1009 2050 redimere,
1036 1996 1087 2036 ut
1111 1988 1370 2048 ferebatur,
1394 1987 1658 2035 consultius

229 2069 492 2117 aestimavit.

294 2148 390 2197 Sed
413 2157 459 2196 et
480 2149 530 2195 in
555 2147 689 2196 terris
709 2146 876 2194 vicinis
896 2147 1120 2192 Romanae
1144 2144 1374 2202 ecclesiae‚
1399 2144 1523 2191 circa
1538 2144 1658 2191 Ave-

231 2227 453 2288 monem,
489 2242 663 2293 magna
695 2225 983 2273 detrimenta
1018 2223 1182 2271 fecisse
1227 2212 1495 2271 dicebatur⁸
1529 2240 1539 2269 ε
1569 2238 1659 2270 nec

288 2379 327 2420 1.
357 2378 390 2417 11
414 2391 441 2429 y
464 2378 557 2423 etait
583 2377 718 2430 depuis
744 2378 780 2416 le
808 2383 1139 2417 commencement
1166 2375 1214 2415 de
1243 2374 1396 2414 l’annee
1427 2375 1546 2414 1447.

287 2440 327 2478 2.
358 2438 593 2491 Marguerite
612 2431 790 2477 d'Ecosse
803 2467 813 2484 ,
836 2445 960 2476 morte
979 2443 1028 2476 en
1051 2438 1171 2477 1445.

291 2501 328 2539 3.
361 2498 555 2538 Charlotte
574 2498 622 2537 de
641 2498 795 2538 Savoie.
816 2499 848 2536 Il
868 2496 1042 2551 l'epousa
1061 2497 1098 2536 le
1119 2499 1169 2535 10
1187 2510 1290 2535 mars
1311 2498 1409 2534 1451
1422 2527 1431 2536 .

290 2558 330 2596 4.
360 2557 393 2596 11
411 2556 599 2609 s’agissait
618 2556 666 2596 de
684 2558 724 2596 la
746 2558 967 2610 possession
993 2557 1045 2597 du
1066 2554 1266 2611 Faucigny
1279 2588 1290 2606 ,
1311 2555 1380 2608 qui
1408 2562 1511 2593 resta
1529 2550 1662 2592 defini-

237 2617 423 2658 tivement
446 2631 496 2655 au
518 2617 705 2669 dauphin.
737 2619 843 2657 Cette
862 2618 995 2657 affaire
1017 2631 1058 2656 se
1077 2630 1190 2669 passa
1210 2630 1259 2654 en
1285 2616 1401 2656 1454.

292 2681 331 2718 5.
362 2681 467 2716 Dans
486 2677 522 2715 le
540 2677 772 2726 manuscrit,
793 2679 966 2715 sedanda
985 2687 1022 2714 et
1044 2691 1127 2714 eam
1148 2690 1195 2714 ne
1213 2678 1418 2714 deteriora.

294 2741 332 2778 6.
368 2742 422 2777 Le
443 2751 539 2790 pape
557 2739 715 2791 Eugene
736 2740 803 2786 IV,
824 2752 894 2790 par
907 2737 1015 2776 bulle
1034 2737 1086 2775 du
1104 2738 1154 2774 26
1174 2735 1251 2773 mai
1270 2737 1374 2773 1445
1386 2763 1397 2781 ,
1414 2732 1548 2771 l'avait
1563 2744 1663 2770 con·-

175 2816 187 2820 ·
239 2799 352 2838 stitue
383 2807 604 2851 protecteur
626 2798 678 2836 du
706 2806 847 2836 comtat
866 2796 1081 2837 Venaissi‘n.
1113 2795 1143 2835 Il
1171 2795 1313 2849 portait
1333 2792 1471 2846 depuis
1493 2793 1597 2831 1444
1626 2790 1663 2831 le

241 2859 329 2898 titre
351 2858 399 2897 de
422 2858 700 2897 Gonfalonnier
732 2857 781 2896 de
811 2850 982 2910 l’Eglise.
