2086 3528
528 340 606 377 238
913 334 1257 374 HISTORIARUM
1283 333 1466 372 CALOLI
1493 334 1566 371 VII

530 420 763 468 Robertus
800 420 916 466 Ver¹
935 454 946 477 ‚
984 416 1068 482 qui
1090 433 1201 463 cum
1241 416 1402 464 multis
1436 416 1678 482 equitibus
1701 424 1933 464 veterano

530 516 638 546 rum
661 497 723 544 ad
740 512 916 555 novos,
938 495 976 542 si
994 494 1191 542 facultas
1211 494 1393 555 fuisset,
1411 495 1611 559 jungere
1629 511 1678 542 se
1691 503 1949 555 venerant;

530 576 621 624 sibi
635 575 764 622 enim
780 572 986 639 pedibus
1004 573 1149 620 timor
1163 571 1348 619 addidit
1364 573 1477 620 alas.
1501 575 1568 620 Eo
1586 572 1754 635 modo,
1775 571 1954 620 scilicet

530 653 685 702 veloci
711 652 821 715 fuga
846 667 900 698 ac
927 649 1203 717 pernicibus
1238 650 1348 710 aliS,
1382 649 1473 697 sibi
1500 651 1650 698 vitam
1681 659 1952 699 servarunt.

533 730 622 779 Alii
643 738 802 778 autem
825 745 958 795 paene
983 745 1151 776 omnes
1168 764 1181 789 ,
1209 727 1293 792 qui
1326 728 1514 776 noviter
1536 745 1594 775 ex
1617 726 1782 792 Anglia
1803 712 1956 776 trans·

532 809 756 856 fretarant
775 844 787 868 ‚
806 807 911 854 caesi
927 816 1010 854 aut
1029 806 1155 872 capti
1176 805 1382 853 fuerunt.
1404 805 1592 855 Caesi'in
1612 823 1669 854 eo
1686 804 1857 872 proelio
1879 821 1956 853 re-

534 887 810 936 ferebantur
825 902 968 952 supra
989 885 1079 932 tria
1108 884 1256 932 millia
1278 894 1326 932 et
1347 885 1662 950 quingentos,
1685 893 1734 932 et
1754 882 1957 931 totidem

534 982 670 1033 paene
699 964 898 1030 captivi,
931 963 1015 1028 qui
1048 962 1111 1010 ad
1142 965 1439 1010 Francorum
1470 961 1682 1010 civitates
1703 969 1751 1009 et
1777 959 1958 1027 oppida

533 1043 753 1103 abducti,
780 1041 1008 1090 vilissimo
1029 1041 1215 1107 pretio,
1242 1040 1387 1088 veluti
1416 1039 1528 1087 vilia
1558 1039 1828 1105 mancipia,
1865 1038 1959 1087 dis-

536 1120 867 1169 trahebantur.

603 1199 661 1243 Et
693 1195 924 1260 quoniam
948 1192 1170 1241 secundae
1197 1209 1272 1240 res
1300 1192 1488 1240 animos
1510 1190 1743 1251 efferunt,
1769 1200 1818 1240 et
1838 1207 1866 1239 e
1891 1190 1962 1239 di-

540 1292 679 1323 verso
717 1274 942 1337 frangunt
976 1273 1270 1337 ejiciuntque
1306 1271 1543 1332 adversae,
1586 1288 1642 1319 ex
1683 1270 1962 1336 hujusmodi

539 1353 727 1400 sinistro
757 1360 955 1411 eventu,
993 1359 1094 1398 tota
1126 1349 1222 1397 fere
1253 1365 1360 1415 spes
1385 1348 1647 1413 Anglorum
1669 1347 1909 1410 concidit;
1935 1364 1963 1396 e

540 1440 708 1479 contra
729 1446 844 1478 vero
878 1429 1047 1477 Franci
1082 1428 1144 1476 ad
1179 1445 1495 1494 quaecumque
1529 1428 1756 1477 adversus
1787 1426 1964 1493 Anglos

540 1508 764 1558 audenda
783 1507 1223 1573 aggrediendaque,
1243 1523 1299 1555 ex
1319 1505 1599 1571 hujusmodi
1614 1498 1837 1567 victoria,
1856 1505 1962 1554 ani-

540 1604 650 1635 mus
669 1587 978 1635 vehementer
1002 1585 1226 1634 accrevit.
1255 1584 1395 1632 Unde
1419 1584 1564 1650 paulo
1588 1594 1698 1651 post
1723 1600 1811 1650 per
1832 1583 1964 1632 illus-

542 1675 662 1713 trem
677 1665 904 1712 comitem
921 1667 1196 1711 Dunensem
1212 1662 1458 1710 mandavit
1479 1679 1563 1710 rex
1584 1662 1757 1711 urbem
1769 1662 1966 1711 Baiocas

543 1743 753 1791 obsideri
770 1780 782 1805 ‚
810 1742 1048 1790 accersitis
1064 1758 1174 1789 cum
1189 1757 1274 1789 sua
1288 1741 1497 1806 equestri
1508 1741 1677 1789 militia
1696 1757 1755 1789 ex
1768 1739 1968 1789 diversis

543 1821 806 1870 Galliarum
828 1821 1088 1886 provinciis
1113 1819 1298 1885 magnis
1320 1819 1615 1885 pedestrium
1648 1818 1824 1885 copiis,
1845 1834 1968 1884 quos

542 1900 732 1948 francos
750 1899 1016 1964 sagittarios
1033 1897 1292 1964 appellant.
1320 1901 1426 1945 Jam
1448 1898 1603 1958 enim,
1623 1906 1734 1964 post
1745 1897 1967 1964 proelium

539 1977 763 2029 habitum
797 1977 928 2043 apud
958 1976 1138 2024 dictam
1173 1976 1334 2024 villam
1367 1976 1750 2038 Forminiacum,
1777 1974 1968 2023 defece-

544 2067 653 2104 rant
675 2055 737 2104 ab
763 2055 922 2120 Anglis
941 2055 1104 2103 omnia
1125 2054 1314 2103 castella
1345 2071 1450 2119 quae
1471 2055 1520 2102 in
1546 2054 1708 2102 clauso
1729 2055 1967 2101 Constan-

546 2133 719 2180 tinensi
762 2141 1117 2198 recuperarant.
1167 2133 1333 2179 Castra
1373 2131 1516 2195 igitur
1556 2140 1727 2179 contra
1773 2129 1969 2179 Baiocas

545 2211 699 2259 dictus
729 2227 891 2258 comes
925 2219 1146 2270 metatus,
1173 2210 1283 2258 licet
1303 2226 1478 2274 magno
1507 2209 1602 2257 illic
1629 2224 1836 2256 numero
1873 2211 1968 2256 An·

545 2289 653 2355 glici
671 2299 826 2337 essent
858 2298 906 2336 et
927 2305 1080 2354 prope
1103 2288 1234 2336 mille
1256 2298 1304 2336 et
1327 2289 1597 2354 quingenti,
1623 2297 1786 2336 tamen
1806 2323 1819 2350 ,
1845 2288 1971 2336 intra

602 2424 641 2462 1.
677 2439 695 2457 «
714 2424 889 2472 Quorum
913 2421 1094 2474 magister
1111 2423 1202 2469 Ver,
1225 2420 1374 2460 comitis
1399 2420 1646 2460 oxenfordiae
1669 2434 1902 2475 germanus,
1921 2433 1972 2460 ex

546 2481 727 2531 Cadomi,
751 2481 952 2521 Matthaeus
971 2480 1094 2530 Goth,
1116 2493 1165 2519 ex
1183 2480 1431 2529 Baiocarum,
1459 2489 1497 2520 et
1522 2481 1712 2520 Henricus
1731 2480 1970 2534 Northbery,

549 2556 599 2582 ex
623 2542 737 2582 Viriae
755 2540 951 2595 ‚praesidiis
978 2549 1283 2593 assumptorum,
1312 2539 1429 2579 duces
1455 2548 1585 2579 erant:
1608 2553 1688 2580 non
1711 2540 1784 2579 iste
1813 2547 1973 2580 vocatus

549 2603 732 2657 magister
750 2605 827 2641 Ver
842 2601 1002 2651 alicujus
1022 2602 1216 2654 praeclarae
1239 2601 1330 2640 artis
1354 2602 1550 2654 professor
1565 2601 1723 2641 exstitit.
1747 2603 1801 2640 Ut
1818 2600 1970 2654 accepi,

548 2677 633 2702 mos
652 2662 867 2716 Anglorum
889 2661 1068 2710 inolevit,
1090 2675 1140 2700 ex
1158 2661 1343 2714 praeclaro
1358 2670 1396 2700 et
1415 2663 1561 2713 potenti
1580 2675 1722 2715 genere
1742 2671 1828 2714 post
1845 2669 1971 2710 natos,

548 2724 751 2762 nominare
767 2721 992 2775 magistros3
1012 2734 1181 2773 namque
1204 2721 1334 2760 forsan
1354 2721 1533 2772 aliorum,
1557 2735 1606 2760 ex
1627 2721 1813 2774 sanguine
1832 2720 1974 2760 minori

550 2791 864 2836 procreatorum,
889 2782 929 2821 in
948 2781 1050 2820 bello
1081 2781 1251 2834 magistri
1274 2789 1311 2820 et
1336 2780 1515 2821 ductores
1533 2781 1765 2821 efficiuntur.
1790 2798 1805 2818 ι»
1829 2779 1976 2821 Robert

550 2843 732 2892 Blondel,
752 2843 821 2883 lib.
843 2845 911 2893 IV,
931 2856 966 2882 c.
988 2856 1033 2883 11.
