2086 3528
719 342 868 381 LIBER
894 343 1124 392 QummS.
1561 348 1639 386 επ)

221 427 306 477 sed
343 442 471 489 cum,
509 425 863 493 impedimentis
901 427 1191 492 quibusdam
1222 429 1441 488 sublatis,
1480 432 1641 495 ingre-

221 505 387 554 diendi
421 506 482 555 ad
516 505 646 570 ipsos
679 505 756 552 via
791 506 1045 570 patuisset,
1081 508 1296 572 equitum
1328 507 1644 574 peditumque

220 584 528 632 multitudine
550 584 710 652 statim
729 586 945 650 oppressi
967 586 1279 651 exstinctique
1303 587 1517 645 fuerunt,
1544 590 1646 654 plu-

219 662 352 711 ribus
391 662 536 710 etiam
578 660 628 709 in
678 658 877 724 flumine
920 663 1178 712 suffocatis.
1224 666 1401 713 Exiisse
1447 662 1507 714 de
1553 685 1642 733 op-

218 739 338 806 pido
377 739 435 788 ad
478 739 694 806 praelium
733 740 1009 804 ferebantur
1044 742 1356 806 quadraginta
1392 743 1539 792 millia
1572 745 1643 792 vi-

219 818 413 879 rofflm3
450 827 569 866 caesa
601 832 718 866 vero
747 819 797 865 in
828 836 887 867 eo
917 819 1080 885 praelio
1118 825 1261 886 su'pra
1297 821 1462 885 viginti
1497 823 1643 870 millia

219 883 526 957 ferebantur,
573 888 898 946 adnumeraiis
939 899 995 947 iis
1041 904 1162 963 quo's
1217 917 1387 964 gurges
1431 890 1643 949 fluminis

219 971 475 1041 absorpsit.
503 976 632 1022 Inter
659 986 887 1023 caesorum
910 993 1026 1024 vero
1058 977 1291 1025 cadavera
1321 976 1502 1026 inventi
1533 990 1644 1027 sunt

184 1039 428 1118 ‘reiigiosi
478 1064 525 1102 et
578 1048 875 1116 sacerdotes,
926 1060 980 1103 ut
1030 1048 1300 1118 ferebatur,
1351 1060 1496 1123 supra
1543 1058 1643 1106 du—

217 1133 400 1181 c'entos

283 1210 404 1259 Talis
442 1208 529 1258 'fuit
562 1229 667 1277 quae
698 1209 1034 1279 Gaudensibu's
1063 1212 1260 1260 obvenit
1284 1217 1491 1262 extrema
1521 1213 1642 1263 cala—

219 1288 384 1350 mitas3
419 1304 525 1352 quae
558 1305 670 1336 cum
702 1288 867 1354 paucis
894 1281 1087 1335 senibus
1122 1288 1383 1355 plurimum
1405 1295 1548 1356 atque
1569 1293 1642 1339 in'-

217 1363 404 1428 validis,
425 1367 509 1430 qui
525 1367 574 1413 in
589 1366 771 1432 oppido
794 1372 1140 1426 remanserant,
1162 1378 1263 1416 tum
1287 1385 1314 1416 a
1333 1368 1637 1432 fugientibus,

216 1446 320 1492 sum
356 1459 383 1492 a
411 1442 725 1491 cadaveribus
761 1456 866 1506 quae
896 1456 1058 1491 secum
1085 1444 1297 1514 fluminis
1323 1462 1489 1493 cursus
1511 1446 1640 1494 den—

216 1520 401 1570 sissima
425 1528 513 1588 'per
536 1521 773 1591 9ppid11m
796 1521 1049 1582 volvebat,
1076 1523 1293 1571 nuntiata
1316 1523 1478 1572 fuisset
1500 1561 1510 1583 ,
1537 1541 1638 1572 non

215 1607 380 1667 posset
414 1599 551 1648 sacile
580 1599 676 1647 dici
709 1600 872 1663 quales
894 1598 1158 1666 quantique
1178 1594 1315 1649 fletus
1330 1639 1343 1662 ,
1373 1600 1574 1666 ejulatus
1593 1613 1640 1651 et

216 1678 426 1727 lamenta
450 1678 686 1744 oppidum
710 1687 867 1726 totum
890 1673 1236 1743 impleverunt,
1266 1685 1379 1728 cum
1401 1676 1532 1728 nulla
1555 1682 1640 1728 do·

135 1802 139 1806 .
217 1772 324 1804 mus
351 1759 631 1822 pae‘n'eesset
656 1773 760 1821 quae
784 1767 874 1822 pro
907 1756 1083 1804 amisso
1115 1759 1274 1824 patre,
1305 1757 1381 1805 vel
1414 1758 1536 1821 sitio,
1565 1761 1639 1807 vel

217 1833 420 1896 marito,
454 1828 531 1881 ‘vel
566 1835 786 1899 proxima
818 1834 1169 1883 necessitudine
1186 1836 1380 1900 juncto,
1421 1836 1638 1903 plurimae

215 1928 332 1960 vero
363 1924 454 1978 pro
483 1911 671 1974 multis,
697 1911 946 1958 domestici
977 1910 1133 1959 luctus
1157 1914 1402 1972 materiam
1426 1915 1526 1962 noh
1553 1909 1638 1963 iia-

215 1984 366 2038 beret.
405 1990 625 2037 Profecto
668 1989 869 2036 «luctus
915 1982 1123 2054 ubique,
1163 1999 1314 2056 pavor
1351 1994 1398 2039 e't
1430 1992 1638 2058 plurima

218 2068 385 2117 mortis
409 2069 591 2132 imago,
624 2087 646 2111 »
670 2067 817 2114 totius
847 2061 1014 2132 oppidi
1051 2061 1247 2129 domOS,
1286 2069 1466 2136 plateas
1496 2080 1638 2136 atque

217 2147 340 2195 aedes
354 2157 511 2195 sacras
529 2145 830 2211 repleverant
848 2140 1007 2211 [adeo]
1031 2145 1182 2210 quod,
1204 2147 1242 2193 si
1266 2146 1366 2212 ipse'
1389 2146 1637 2214 princeps,

218 2226 376 2272 statim
398 2225 657 2290 postquam
682 2222 764 2271 tali
784 2222 984 2270 victoria
1005 2223 1188 2288 potitus
1211 2223 1388 2286 suerat,
1417 2227 1639 2272 extermi-

217 2318 332 2351 nare
359 2302 517 2368 ipsum
557 2300 794 2367 opPidum
827 2301 1083 2362 voluisset,
1110 2304 1347 2368 suumque
1377 2301 1638 2351 exercitum

219 2381 281 2429 ad
303 2375 403 2445 ejus
422 2380 826 2446 expugnationem
843 2378 1150 2442 admovisset,
1176 2380 1359 2430 nullam
1377 2385 1477 2429 tum
1498 2400 1642 2448 pror-

219 2470 299 2507 sus
322 2457 637 2506 resistentiam
657 2457 929 2506 invenisset.

219 2667 319 2700 estre
331 2672 567 2712 recongneu‚
589 2659 648 2698 fist
667 2673 710 2699 ce
725 2660 817 2708 jour
836 2668 915 2699 tant
934 2659 1100 2699 d'armes
1120 2669 1158 2699 et
1177 2668 1257 2698 tant
1276 2660 1323 2698 de
1342 2659 1547 2706 vaillance‚
1565 2672 1641 2710 que

220 2721 253 2759 si
270 2720 359 2760 teile
377 2728 565 2760 aventure
589 2720 701 2758 estoit
723 2719 904 2759 'advenue
922 2721 943 2758 a
964 2733 1043 2772 ung
1062 2720 1217 2758 homme
1241 2719 1289 2758 de
1308 2718 1398 2757 bien
1412 2748 1422 2765 ,
1443 2721 1494 2757 οὺ
1513 2728 1589 2770 que
1604 2719 1643 2767 je

172 2812 176 2816 .
221 2781 258 2819 le
287 2794 438 2820 sceusse
468 2794 661 2829 nommer,
684 2780 724 2828 je
756 2779 1056 2830 m’acquiteroye
1087 2779 1135 2817 de
1160 2787 1291 2831 portet·
1313 2778 1491 2817 honneur
1517 2781 1536 2816 a
1572 2780 1642 2817 soh

222 2840 463 2881 hardement.
491 2858 508 2875 υ
531 2844 756 2887 Me'moims,
776 2839 804 2879 1.
826 2843 864 2889 I,
886 2836 948 2877 ch.
971 2841 1037 2878 28.
