<?xml version="1.0" encoding="UTF-8"?>
<!DOCTYPE html PUBLIC "-//W3C//DTD XHTML 1.0 Transitional//EN"
    "http://www.w3.org/TR/xhtml1/DTD/xhtml1-transitional.dtd">
<html xmlns="http://www.w3.org/1999/xhtml" xml:lang="en" lang="en">
 <head>
  <title>
</title>
<meta http-equiv="Content-Type" content="text/html;charset=utf-8" />
  <meta name='ocr-system' content='tesseract 3.04.00' />
  <meta name='ocr-capabilities' content='ocr_page ocr_carea ocr_par ocr_line ocrx_word'/>
</head>
<body>
  <div class='ocr_page' id='page_1' title='image "./histoiredesrgn01basiuoft_0227.png"; bbox 0 0 2086 3528; ppageno 0'>
   <div class='ocr_carea' id='block_1_1' title="bbox 1 0 154 161">
    <p class='ocr_par' dir='ltr' id='par_1_1' title="bbox 1 0 154 161">
     <span class='ocr_line' id='line_1_1' title="bbox 1 0 154 161; baseline 0 3367"><span class='ocrx_word' id='word_1_1' title='bbox 1 0 154 161; x_wconf 95' lang='lat' dir='ltr'> </span> 
     </span>
    </p>
   </div>
   <div class='ocr_carea' id='block_1_2' title="bbox 0 1291 68 3528">
    <p class='ocr_par' dir='ltr' id='par_1_2' title="bbox 0 1291 68 3528">
     <span class='ocr_line' id='line_1_2' title="bbox 0 1291 68 3528; baseline 0 0"><span class='ocrx_word' id='word_1_2' title='bbox 0 1291 68 3528; x_wconf 95' lang='lat' dir='ltr'> </span> 
     </span>
    </p>
   </div>
   <div class='ocr_carea' id='block_1_3' title="bbox 718 412 1650 464">
    <p class='ocr_par' dir='ltr' id='par_1_3' title="bbox 718 412 1650 464">
     <span class='ocr_line' id='line_1_3' title="bbox 718 412 1650 464; baseline 0.002 -13"><span class='ocrx_word' id='word_1_3' title='bbox 718 415 865 451; x_wconf 87' lang='lat' dir='ltr'>LIBER</span> <span class='ocrx_word' id='word_1_4' title='bbox 893 412 1163 453; x_wconf 86' lang='lat' dir='ltr'><strong>SECUNDUS.</strong></span> <span class='ocrx_word' id='word_1_5' title='bbox 1415 462 1417 464; x_wconf 21' lang='grc' dir='ltr'>Ι</span> <span class='ocrx_word' id='word_1_6' title='bbox 1599 416 1650 453; x_wconf 82' lang='grc'>53</span> 
     </span>
    </p>
   </div>
   <div class='ocr_carea' id='block_1_4' title="bbox 243 496 1658 1185">
    <p class='ocr_par' dir='ltr' id='par_1_4' title="bbox 243 496 1655 780">
     <span class='ocr_line' id='line_1_4' title="bbox 244 496 1653 563; baseline -0.003 -16"><span class='ocrx_word' id='word_1_7' title='bbox 244 499 446 547; x_wconf 84' lang='lat' dir='ltr'>victores</span> <span class='ocrx_word' id='word_1_8' title='bbox 467 497 735 545; x_wconf 89' lang='lat' dir='ltr'>evasissent.</span> <span class='ocrx_word' id='word_1_9' title='bbox 764 499 870 544; x_wconf 91' lang='lat' dir='ltr'>Non</span> <span class='ocrx_word' id='word_1_10' title='bbox 892 498 1088 563; x_wconf 77' lang='lat' dir='ltr'>Parvam</span> <span class='ocrx_word' id='word_1_11' title='bbox 1106 497 1249 562; x_wconf 81' lang='lat' dir='ltr'>igitur</span> <span class='ocrx_word' id='word_1_12' title='bbox 1265 513 1320 544; x_wconf 86' lang='lat' dir='ltr'>ex</span> <span class='ocrx_word' id='word_1_13' title='bbox 1341 496 1437 544; x_wconf 92' lang='lat' dir='ltr'>hoc</span> <span class='ocrx_word' id='word_1_14' title='bbox 1451 497 1653 544; x_wconf 83' lang='lat' dir='ltr'>infortu-</span> 
     </span>
     <span class='ocr_line' id='line_1_5' title="bbox 243 574 1655 640; baseline -0.001 -16"><span class='ocrx_word' id='word_1_15' title='bbox 243 574 324 624; x_wconf 84' lang='lat' dir='ltr'>nio</span> <span class='ocrx_word' id='word_1_16' title='bbox 341 592 540 640; x_wconf 84' lang='lat' dir='ltr'>regnum</span> <span class='ocrx_word' id='word_1_17' title='bbox 558 578 850 622; x_wconf 88' lang='lat' dir='ltr'><strong>Francorum</strong></span> <span class='ocrx_word' id='word_1_18' title='bbox 867 575 1124 624; x_wconf 84' lang='lat' dir='ltr'>dixerimus</span> <span class='ocrx_word' id='word_1_19' title='bbox 1145 585 1455 623; x_wconf 90' lang='lat' dir='ltr'>consecutum</span> <span class='ocrx_word' id='word_1_20' title='bbox 1469 575 1655 623; x_wconf 84' lang='lat' dir='ltr'>felicita-</span> 
     </span>
     <span class='ocr_line' id='line_1_6' title="bbox 243 648 1653 721; baseline -0.001 -18"><span class='ocrx_word' id='word_1_21' title='bbox 243 648 359 715; x_wconf 78' lang='lat' dir='ltr'><strong>tem,</strong></span> <span class='ocrx_word' id='word_1_22' title='bbox 385 654 424 702; x_wconf 94' lang='lat' dir='ltr'>si</span> <span class='ocrx_word' id='word_1_23' title='bbox 439 664 537 702; x_wconf 86' lang='lat' dir='ltr'>tam</span> <span class='ocrx_word' id='word_1_24' title='bbox 556 654 774 701; x_wconf 88' lang='lat' dir='ltr'>immanis</span> <span class='ocrx_word' id='word_1_25' title='bbox 798 653 990 702; x_wconf 87' lang='lat' dir='ltr'>feritatis</span> <span class='ocrx_word' id='word_1_26' title='bbox 1014 655 1315 721; x_wconf 90' lang='lat' dir='ltr'>propositum</span> <span class='ocrx_word' id='word_1_27' title='bbox 1336 653 1653 704; x_wconf 89' lang='lat' dir='ltr'>barbarorum</span> 
     </span>
     <span class='ocr_line' id='line_1_7' title="bbox 244 731 980 780; baseline -0.001 0"><span class='ocrx_word' id='word_1_28' title='bbox 244 735 496 780; x_wconf 85' lang='lat' dir='ltr'>Scotorum</span> <span class='ocrx_word' id='word_1_29' title='bbox 518 731 688 779; x_wconf 89' lang='lat' dir='ltr'>animis</span> <span class='ocrx_word' id='word_1_30' title='bbox 711 731 980 780; x_wconf 84' lang='lat' dir='ltr'><strong>incesserat.</strong></span> 
     </span>
    </p>

    <p class='ocr_par' dir='ltr' id='par_1_5' title="bbox 243 809 1658 1185">
     <span class='ocr_line' id='line_1_8' title="bbox 309 809 1658 876; baseline 0.001 -21"><span class='ocrx_word' id='word_1_31' title='bbox 309 809 473 856; x_wconf 86' lang='lat' dir='ltr'>Praelio</span> <span class='ocrx_word' id='word_1_32' title='bbox 506 818 666 856; x_wconf 86' lang='lat' dir='ltr'>autem</span> <span class='ocrx_word' id='word_1_33' title='bbox 698 810 942 866; x_wconf 87' lang='lat' dir='ltr'>consecto,</span> <span class='ocrx_word' id='word_1_34' title='bbox 980 819 1026 857; x_wconf 89' lang='lat' dir='ltr'>et</span> <span class='ocrx_word' id='word_1_35' title='bbox 1059 810 1293 876; x_wconf 91' lang='lat' dir='ltr'>oppidum</span> <span class='ocrx_word' id='word_1_36' title='bbox 1337 810 1579 869; x_wconf 87' lang='lat' dir='ltr'>Vernolii,</span> <span class='ocrx_word' id='word_1_37' title='bbox 1610 819 1658 857; x_wconf 90' lang='lat' dir='ltr'>et</span> 
     </span>
     <span class='ocr_line' id='line_1_9' title="bbox 245 886 1658 951; baseline -0.001 -16"><span class='ocrx_word' id='word_1_38' title='bbox 245 886 395 935; x_wconf 80' lang='lat' dir='ltr'>multa</span> <span class='ocrx_word' id='word_1_39' title='bbox 424 886 512 933; x_wconf 88' lang='lat' dir='ltr'>alia</span> <span class='ocrx_word' id='word_1_40' title='bbox 543 886 732 934; x_wconf 83' lang='lat' dir='ltr'>castella</span> <span class='ocrx_word' id='word_1_41' title='bbox 759 886 1002 935; x_wconf 88' lang='lat' dir='ltr'>deditione</span> <span class='ocrx_word' id='word_1_42' title='bbox 1030 887 1127 951; x_wconf 86' lang='lat' dir='ltr'>regi</span> <span class='ocrx_word' id='word_1_43' title='bbox 1155 887 1412 951; x_wconf 90' lang='lat' dir='ltr'>Anglorum</span> <span class='ocrx_word' id='word_1_44' title='bbox 1448 903 1658 934; x_wconf 88' lang='lat' dir='ltr'>accesse-</span> 
     </span>
     <span class='ocr_line' id='line_1_10' title="bbox 243 963 1658 1030; baseline -0.001 -17"><span class='ocrx_word' id='word_1_45' title='bbox 243 974 378 1025; x_wconf 88' lang='lat' dir='ltr'>runt,</span> <span class='ocrx_word' id='word_1_46' title='bbox 416 981 545 1026; x_wconf 90' lang='lat' dir='ltr'>cum,</span> <span class='ocrx_word' id='word_1_47' title='bbox 582 965 820 1030; x_wconf 86' lang='lat' dir='ltr'>oppressis</span> <span class='ocrx_word' id='word_1_48' title='bbox 857 976 902 1013; x_wconf 91' lang='lat' dir='ltr'>et</span> <span class='ocrx_word' id='word_1_49' title='bbox 937 965 1173 1013; x_wconf 85' lang='lat' dir='ltr'>exstinctis</span> <span class='ocrx_word' id='word_1_50' title='bbox 1200 981 1227 1012; x_wconf 88' lang='lat' dir='ltr'>a</span> <span class='ocrx_word' id='word_1_51' title='bbox 1258 964 1430 1028; x_wconf 92' lang='lat' dir='ltr'>quibus</span> <span class='ocrx_word' id='word_1_52' title='bbox 1463 963 1658 1012; x_wconf 83' lang='lat' dir='ltr'>defendi</span> 
     </span>
     <span class='ocr_line' id='line_1_11' title="bbox 243 1036 1658 1108; baseline -0.001 -18"><span class='ocrx_word' id='word_1_53' title='bbox 243 1036 527 1108; x_wconf 87' lang='lat' dir='ltr'>potuissent,</span> <span class='ocrx_word' id='word_1_54' title='bbox 553 1059 724 1108; x_wconf 87' lang='lat' dir='ltr'>parum</span> <span class='ocrx_word' id='word_1_55' title='bbox 753 1053 835 1090; x_wconf 87' lang='lat' dir='ltr'>aut</span> <span class='ocrx_word' id='word_1_56' title='bbox 855 1042 973 1090; x_wconf 90' lang='lat' dir='ltr'><strong>nihil</strong></span> <span class='ocrx_word' id='word_1_57' title='bbox 996 1043 1150 1090; x_wconf 89' lang='lat' dir='ltr'>solatii</span> <span class='ocrx_word' id='word_1_58' title='bbox 1172 1042 1433 1108; x_wconf 82' lang='lat' dir='ltr'>praesidiive</span> <span class='ocrx_word' id='word_1_59' title='bbox 1462 1058 1489 1090; x_wconf 87' lang='lat' dir='ltr'>a</span> <span class='ocrx_word' id='word_1_60' title='bbox 1515 1045 1658 1089; x_wconf 85' lang='lat' dir='ltr'>Fran-</span> 
     </span>
     <span class='ocr_line' id='line_1_12' title="bbox 245 1119 893 1185; baseline -0.002 -17"><span class='ocrx_word' id='word_1_61' title='bbox 245 1120 311 1168; x_wconf 91' lang='lat' dir='ltr'>cis</span> <span class='ocrx_word' id='word_1_62' title='bbox 334 1121 564 1185; x_wconf 88' lang='lat' dir='ltr'>consequi</span> <span class='ocrx_word' id='word_1_63' title='bbox 580 1119 893 1168; x_wconf 87' lang='lat' dir='ltr'>confiderent.</span> 
     </span>
    </p>
   </div>
   <div class='ocr_carea' id='block_1_5' title="bbox 731 1333 1164 1378">
    <p class='ocr_par' dir='ltr' id='par_1_6' title="bbox 731 1333 1164 1378">
     <span class='ocr_line' id='line_1_13' title="bbox 731 1333 1164 1378; baseline -0.002 0"><span class='ocrx_word' id='word_1_64' title='bbox 731 1333 1072 1378; x_wconf 84' lang='lat' dir='ltr'><strong>CAPITULUM</strong></span> <span class='ocrx_word' id='word_1_65' title='bbox 1106 1334 1164 1378; x_wconf 93' lang='lat' dir='ltr'>V.</span> 
     </span>
    </p>
   </div>
   <div class='ocr_carea' id='block_1_6' title="bbox 245 1461 1646 1569">
    <p class='ocr_par' dir='ltr' id='par_1_7' title="bbox 245 1461 1646 1569">
     <span class='ocr_line' id='line_1_14' title="bbox 245 1461 1646 1510; baseline -0.001 -12"><span class='ocrx_word' id='word_1_66' title='bbox 245 1461 441 1507; x_wconf 87' lang='lat' dir='ltr'><strong>Quomodo</strong></span> <span class='ocrx_word' id='word_1_67' title='bbox 463 1470 542 1510; x_wconf 85' lang='lat' dir='ltr'>post</span> <span class='ocrx_word' id='word_1_68' title='bbox 557 1461 689 1497; x_wconf 83' lang='lat' dir='ltr'>cladem</span> <span class='ocrx_word' id='word_1_69' title='bbox 707 1471 887 1510; x_wconf 83' lang='lat' dir='ltr'><strong>acceptam</strong></span> <span class='ocrx_word' id='word_1_70' title='bbox 904 1461 1002 1510; x_wconf 70' lang='lat' dir='ltr'>apud</span> <span class='ocrx_word' id='word_1_71' title='bbox 1016 1461 1229 1496; x_wconf 87' lang='lat' dir='ltr'>Vernolium</span> <span class='ocrx_word' id='word_1_72' title='bbox 1240 1461 1382 1505; x_wconf 88' lang='lat' dir='ltr'>Franci,</span> <span class='ocrx_word' id='word_1_73' title='bbox 1401 1474 1510 1510; x_wconf 88' lang='lat' dir='ltr'>opera</span> <span class='ocrx_word' id='word_1_74' title='bbox 1526 1462 1646 1497; x_wconf 85' lang='lat' dir='ltr'>comiti</span> 
     </span>
     <span class='ocr_line' id='line_1_15' title="bbox 537 1521 1353 1569; baseline 0 -13"><span class='ocrx_word' id='word_1_75' title='bbox 537 1522 726 1566; x_wconf 89' lang='lat' dir='ltr'>Dunensis,</span> <span class='ocrx_word' id='word_1_76' title='bbox 746 1522 899 1569; x_wconf 80' lang='lat' dir='ltr'>Anglicis</span> <span class='ocrx_word' id='word_1_77' title='bbox 915 1521 1142 1556; x_wconf 84' lang='lat' dir='ltr'>resistentiam</span> <span class='ocrx_word' id='word_1_78' title='bbox 1163 1521 1353 1557; x_wconf 87' lang='lat' dir='ltr'>dederunt.</span> 
     </span>
    </p>
   </div>
   <div class='ocr_carea' id='block_1_7' title="bbox 244 1643 1663 2178">
    <p class='ocr_par' dir='ltr' id='par_1_8' title="bbox 244 1643 1663 2178">
     <span class='ocr_line' id='line_1_16' title="bbox 313 1643 1658 1705; baseline 0 -12"><span class='ocrx_word' id='word_1_79' title='bbox 313 1649 408 1694; x_wconf 88' lang='lat' dir='ltr'>Nec</span> <span class='ocrx_word' id='word_1_80' title='bbox 440 1655 595 1693; x_wconf 86' lang='lat' dir='ltr'>tamen</span> <span class='ocrx_word' id='word_1_81' title='bbox 623 1647 686 1693; x_wconf 88' lang='lat' dir='ltr'>ita</span> <span class='ocrx_word' id='word_1_82' title='bbox 715 1646 904 1693; x_wconf 88' lang='lat' dir='ltr'>Francis</span> <span class='ocrx_word' id='word_1_83' title='bbox 935 1645 1159 1693; x_wconf 90' lang='lat' dir='ltr'>omnibus</span> <span class='ocrx_word' id='word_1_84' title='bbox 1183 1645 1370 1693; x_wconf 89' lang='lat' dir='ltr'>animus</span> <span class='ocrx_word' id='word_1_85' title='bbox 1395 1643 1658 1705; x_wconf 76' lang='lat' dir='ltr'><strong>exciderat,</strong></span> 
     </span>
     <span class='ocr_line' id='line_1_17' title="bbox 245 1723 1663 1790; baseline -0.001 -19"><span class='ocrx_word' id='word_1_86' title='bbox 245 1725 360 1790; x_wconf 93' lang='lat' dir='ltr'>quin</span> <span class='ocrx_word' id='word_1_87' title='bbox 393 1724 536 1772; x_wconf 88' lang='lat' dir='ltr'>etiam</span> <span class='ocrx_word' id='word_1_88' title='bbox 566 1724 626 1771; x_wconf 92' lang='lat' dir='ltr'>de</span> <span class='ocrx_word' id='word_1_89' title='bbox 658 1724 999 1788; x_wconf 86' lang='lat' dir='ltr'>restinguendo</span> <span class='ocrx_word' id='word_1_90' title='bbox 1024 1723 1249 1771; x_wconf 91' lang='lat' dir='ltr'>incendio</span> <span class='ocrx_word' id='word_1_91' title='bbox 1274 1723 1579 1788; x_wconf 81' lang='lat' dir='ltr'>tutandisque</span> <span class='ocrx_word' id='word_1_92' title='bbox 1611 1723 1663 1769; x_wconf 85' lang='lat' dir='ltr'>fl-</span> 
     </span>
     <span class='ocr_line' id='line_1_18' title="bbox 245 1801 1662 1867; baseline -0.001 -17"><span class='ocrx_word' id='word_1_93' title='bbox 245 1801 387 1850; x_wconf 92' lang='lat' dir='ltr'>nibus</span> <span class='ocrx_word' id='word_1_94' title='bbox 410 1801 555 1867; x_wconf 80' lang='lat' dir='ltr'>aliqui</span> <span class='ocrx_word' id='word_1_95' title='bbox 577 1803 853 1866; x_wconf 83' lang='lat' dir='ltr'>cogitarent.</span> <span class='ocrx_word' id='word_1_96' title='bbox 888 1806 995 1849; x_wconf 88' lang='lat' dir='ltr'><strong>Erat</strong></span> <span class='ocrx_word' id='word_1_97' title='bbox 1019 1812 1122 1849; x_wconf 91' lang='lat' dir='ltr'>tum</span> <span class='ocrx_word' id='word_1_98' title='bbox 1147 1802 1195 1849; x_wconf 90' lang='lat' dir='ltr'>in</span> <span class='ocrx_word' id='word_1_99' title='bbox 1221 1802 1370 1849; x_wconf 90' lang='lat' dir='ltr'>domo</span> <span class='ocrx_word' id='word_1_100' title='bbox 1400 1802 1529 1866; x_wconf 87' lang='lat' dir='ltr'>regia</span> <span class='ocrx_word' id='word_1_101' title='bbox 1550 1818 1662 1849; x_wconf 92' lang='lat' dir='ltr'>cum</span> 
     </span>
     <span class='ocr_line' id='line_1_19' title="bbox 244 1878 1658 1945; baseline -0.001 -18"><span class='ocrx_word' id='word_1_102' title='bbox 244 1881 349 1945; x_wconf 92' lang='lat' dir='ltr'>ipso</span> <span class='ocrx_word' id='word_1_103' title='bbox 366 1896 474 1945; x_wconf 86' lang='lat' dir='ltr'>rege</span> <span class='ocrx_word' id='word_1_104' title='bbox 491 1881 696 1927; x_wconf 90' lang='lat' dir='ltr'>nutritus</span> <span class='ocrx_word' id='word_1_105' title='bbox 711 1890 756 1927; x_wconf 90' lang='lat' dir='ltr'>et</span> <span class='ocrx_word' id='word_1_106' title='bbox 776 1879 861 1927; x_wconf 89' lang='lat' dir='ltr'>sibi</span> <span class='ocrx_word' id='word_1_107' title='bbox 885 1896 1008 1945; x_wconf 90' lang='lat' dir='ltr'>pene</span> <span class='ocrx_word' id='word_1_108' title='bbox 1023 1896 1208 1927; x_wconf 87' lang='lat' dir='ltr'>coaevus</span> <span class='ocrx_word' id='word_1_109' title='bbox 1230 1878 1423 1925; x_wconf 84' lang='lat' dir='ltr'>illustris</span> <span class='ocrx_word' id='word_1_110' title='bbox 1436 1881 1658 1939; x_wconf 87' lang='lat' dir='ltr'>Joannes,</span> 
     </span>
     <span class='ocr_line' id='line_1_20' title="bbox 245 1957 1662 2023; baseline -0.001 -17"><span class='ocrx_word' id='word_1_111' title='bbox 245 1958 470 2006; x_wconf 86' lang='lat' dir='ltr'>naturalis</span> <span class='ocrx_word' id='word_1_112' title='bbox 493 1957 616 2004; x_wconf 86' lang='lat' dir='ltr'>filius</span> <span class='ocrx_word' id='word_1_113' title='bbox 644 1957 991 2005; x_wconf 86' lang='lat' dir='ltr'>Aurelianensis</span> <span class='ocrx_word' id='word_1_114' title='bbox 1015 1957 1168 2017; x_wconf 90' lang='lat' dir='ltr'>ducis,</span> <span class='ocrx_word' id='word_1_115' title='bbox 1191 1974 1337 2022; x_wconf 92' lang='lat' dir='ltr'>quem</span> <span class='ocrx_word' id='word_1_116' title='bbox 1361 1973 1504 2023; x_wconf 87' lang='lat' dir='ltr'>supra</span> <span class='ocrx_word' id='word_1_117' title='bbox 1526 1974 1662 2005; x_wconf 87' lang='lat' dir='ltr'>neca-</span> 
     </span>
     <span class='ocr_line' id='line_1_21' title="bbox 245 2035 1663 2100; baseline 0.001 -18"><span class='ocrx_word' id='word_1_118' title='bbox 245 2045 357 2082; x_wconf 85' lang='lat' dir='ltr'>tum</span> <span class='ocrx_word' id='word_1_119' title='bbox 379 2035 520 2082; x_wconf 80' lang='lat' dir='ltr'>fuisse</span> <span class='ocrx_word' id='word_1_120' title='bbox 554 2036 739 2083; x_wconf 86' lang='lat' dir='ltr'>Parisiis</span> <span class='ocrx_word' id='word_1_121' title='bbox 770 2036 1035 2097; x_wconf 88' lang='lat' dir='ltr'>retulimus,</span> <span class='ocrx_word' id='word_1_122' title='bbox 1062 2035 1142 2100; x_wconf 91' lang='lat' dir='ltr'>qui</span> <span class='ocrx_word' id='word_1_123' title='bbox 1166 2035 1389 2082; x_wconf 91' lang='lat' dir='ltr'>nondum</span> <span class='ocrx_word' id='word_1_124' title='bbox 1417 2052 1546 2084; x_wconf 80' lang='lat' dir='ltr'>arma</span> <span class='ocrx_word' id='word_1_125' title='bbox 1577 2036 1663 2084; x_wconf 90' lang='lat' dir='ltr'>ali-</span> 
     </span>
     <span class='ocr_line' id='line_1_22' title="bbox 246 2112 1663 2178; baseline 0.001 -19"><span class='ocrx_word' id='word_1_126' title='bbox 246 2128 341 2177; x_wconf 89' lang='lat' dir='ltr'>qua</span> <span class='ocrx_word' id='word_1_127' title='bbox 372 2112 640 2175; x_wconf 84' lang='lat' dir='ltr'>induerat¹‚</span> <span class='ocrx_word' id='word_1_128' title='bbox 669 2113 838 2178; x_wconf 87' lang='lat' dir='ltr'>dignus</span> <span class='ocrx_word' id='word_1_129' title='bbox 867 2114 950 2177; x_wconf 92' lang='lat' dir='ltr'>qui</span> <span class='ocrx_word' id='word_1_130' title='bbox 981 2130 1081 2161; x_wconf 93' lang='lat' dir='ltr'>non</span> <span class='ocrx_word' id='word_1_131' title='bbox 1115 2113 1263 2160; x_wconf 89' lang='lat' dir='ltr'>modo</span> <span class='ocrx_word' id='word_1_132' title='bbox 1290 2112 1504 2176; x_wconf 86' lang='lat' dir='ltr'>ejusdem</span> <span class='ocrx_word' id='word_1_133' title='bbox 1528 2113 1663 2161; x_wconf 92' lang='lat' dir='ltr'>ducis</span> 
     </span>
    </p>
   </div>
   <div class='ocr_carea' id='block_1_8' title="bbox 247 2255 1670 2971">
    <p class='ocr_par' dir='ltr' id='par_1_9' title="bbox 247 2255 1670 2971">
     <span class='ocr_line' id='line_1_23' title="bbox 300 2255 1661 2309; baseline 0 -15"><span class='ocrx_word' id='word_1_134' title='bbox 300 2259 340 2296; x_wconf 92' lang='lat'>1.</span> <span class='ocrx_word' id='word_1_135' title='bbox 369 2257 525 2295; x_wconf 87' lang='lat' dir='ltr'>Erreur.</span> <span class='ocrx_word' id='word_1_136' title='bbox 549 2259 604 2295; x_wconf 93' lang='lat' dir='ltr'>Le</span> <span class='ocrx_word' id='word_1_137' title='bbox 625 2255 761 2295; x_wconf 70' lang='lat' dir='ltr'>batard</span> <span class='ocrx_word' id='word_1_138' title='bbox 783 2256 996 2306; x_wconf 80' lang='lat' dir='ltr'>d’Orleans,</span> <span class='ocrx_word' id='word_1_139' title='bbox 1025 2256 1127 2295; x_wconf 82' lang='lat' dir='ltr'>alors</span> <span class='ocrx_word' id='word_1_140' title='bbox 1146 2255 1216 2309; x_wconf 69' lang='lat' dir='ltr'>age</span> <span class='ocrx_word' id='word_1_141' title='bbox 1248 2255 1295 2294; x_wconf 91' lang='lat' dir='ltr'>de</span> <span class='ocrx_word' id='word_1_142' title='bbox 1315 2255 1550 2309; x_wconf 83' lang='lat' dir='ltr'>vingt-deux</span> <span class='ocrx_word' id='word_1_143' title='bbox 1578 2269 1661 2304; x_wconf 87' lang='lat' dir='ltr'>ans,</span> 
     </span>
     <span class='ocr_line' id='line_1_24' title="bbox 247 2314 1664 2368; baseline 0.001 -14"><span class='ocrx_word' id='word_1_144' title='bbox 247 2314 468 2355; x_wconf 89' lang='lat' dir='ltr'>combattait</span> <span class='ocrx_word' id='word_1_145' title='bbox 486 2315 622 2367; x_wconf 88' lang='lat' dir='ltr'>depuis</span> <span class='ocrx_word' id='word_1_146' title='bbox 641 2329 709 2354; x_wconf 90' lang='lat' dir='ltr'>son</span> <span class='ocrx_word' id='word_1_147' title='bbox 729 2316 976 2354; x_wconf 89' lang='lat' dir='ltr'>adolescence</span> <span class='ocrx_word' id='word_1_148' title='bbox 995 2329 1095 2368; x_wconf 86' lang='lat' dir='ltr'>pour</span> <span class='ocrx_word' id='word_1_149' title='bbox 1113 2316 1150 2354; x_wconf 93' lang='lat' dir='ltr'>le</span> <span class='ocrx_word' id='word_1_150' title='bbox 1167 2315 1267 2367; x_wconf 87' lang='lat' dir='ltr'>parti</span> <span class='ocrx_word' id='word_1_151' title='bbox 1285 2315 1454 2367; x_wconf 86' lang='lat' dir='ltr'>qu’avait</span> <span class='ocrx_word' id='word_1_152' title='bbox 1471 2315 1609 2354; x_wconf 78' lang='lat' dir='ltr'>suscite</span> <span class='ocrx_word' id='word_1_153' title='bbox 1628 2316 1664 2355; x_wconf 88' lang='lat' dir='ltr'>le</span> 
     </span>
     <span class='ocr_line' id='line_1_25' title="bbox 247 2368 1665 2429; baseline 0.001 -15"><span class='ocrx_word' id='word_1_154' title='bbox 247 2368 423 2414; x_wconf 81' lang='lat' dir='ltr'>malheur</span> <span class='ocrx_word' id='word_1_155' title='bbox 435 2375 483 2414; x_wconf 91' lang='lat' dir='ltr'>de</span> <span class='ocrx_word' id='word_1_156' title='bbox 497 2388 538 2414; x_wconf 90' lang='lat' dir='ltr'>sa</span> <span class='ocrx_word' id='word_1_157' title='bbox 552 2376 708 2414; x_wconf 82' lang='lat' dir='ltr'>famille.</span> <span class='ocrx_word' id='word_1_158' title='bbox 723 2379 810 2415; x_wconf 91' lang='lat' dir='ltr'>Une</span> <span class='ocrx_word' id='word_1_159' title='bbox 826 2376 961 2415; x_wconf 80' lang='lat' dir='ltr'>cedule</span> <span class='ocrx_word' id='word_1_160' title='bbox 975 2376 1023 2415; x_wconf 91' lang='lat' dir='ltr'>de</span> <span class='ocrx_word' id='word_1_161' title='bbox 1033 2376 1190 2415; x_wconf 66' lang='lat' dir='ltr'>l&#39;an141</span> <span class='ocrx_word' id='word_1_162' title='bbox 1200 2379 1221 2415; x_wconf 90' lang='lat'>8</span> <span class='ocrx_word' id='word_1_163' title='bbox 1235 2377 1272 2416; x_wconf 89' lang='lat' dir='ltr'>le</span> <span class='ocrx_word' id='word_1_164' title='bbox 1282 2377 1503 2429; x_wconf 77' lang='lat' dir='ltr'>represente</span> <span class='ocrx_word' id='word_1_165' title='bbox 1516 2390 1665 2416; x_wconf 90' lang='lat' dir='ltr'><strong>comme</strong></span> 
     </span>
     <span class='ocr_line' id='line_1_26' title="bbox 253 2435 1664 2490; baseline 0.003 -17"><span class='ocrx_word' id='word_1_166' title='bbox 253 2453 270 2469; x_wconf 90' lang='lat'>«</span> <span class='ocrx_word' id='word_1_167' title='bbox 295 2443 416 2474; x_wconf 86' lang='lat' dir='ltr'>estant</span> <span class='ocrx_word' id='word_1_168' title='bbox 442 2435 660 2488; x_wconf 81' lang='lat' dir='ltr'>prisonnier</span> <span class='ocrx_word' id='word_1_169' title='bbox 681 2438 704 2474; x_wconf 72' lang='lat' dir='ltr'>a</span> <span class='ocrx_word' id='word_1_170' title='bbox 723 2437 1058 2476; x_wconf 87' lang='lat' dir='ltr'>Sainct-Germain</span> <span class='ocrx_word' id='word_1_171' title='bbox 1087 2451 1135 2476; x_wconf 92' lang='lat' dir='ltr'>en</span> <span class='ocrx_word' id='word_1_172' title='bbox 1166 2441 1290 2490; x_wconf 83' lang='lat' dir='ltr'>Laye,</span> <span class='ocrx_word' id='word_1_173' title='bbox 1317 2438 1502 2477; x_wconf 83' lang='lat' dir='ltr'>d’aucuns</span> <span class='ocrx_word' id='word_1_174' title='bbox 1530 2447 1664 2478; x_wconf 87' lang='lat' dir='ltr'>tenans</span> 
     </span>
     <span class='ocr_line' id='line_1_27' title="bbox 249 2494 1667 2550; baseline 0.002 -17"><span class='ocrx_word' id='word_1_175' title='bbox 249 2495 285 2534; x_wconf 94' lang='lat' dir='ltr'>le</span> <span class='ocrx_word' id='word_1_176' title='bbox 303 2504 414 2548; x_wconf 88' lang='lat' dir='ltr'>party</span> <span class='ocrx_word' id='word_1_177' title='bbox 433 2494 485 2534; x_wconf 93' lang='lat' dir='ltr'>du</span> <span class='ocrx_word' id='word_1_178' title='bbox 503 2495 577 2534; x_wconf 91' lang='lat' dir='ltr'>duc</span> <span class='ocrx_word' id='word_1_179' title='bbox 599 2495 646 2534; x_wconf 89' lang='lat' dir='ltr'>de</span> <span class='ocrx_word' id='word_1_180' title='bbox 671 2497 956 2549; x_wconf 82' lang='lat' dir='ltr'>Bourgoingne.</span> <span class='ocrx_word' id='word_1_181' title='bbox 989 2514 1006 2531; x_wconf 73' lang='grc' dir='ltr'>»ι</span> <span class='ocrx_word' id='word_1_182' title='bbox 1031 2499 1193 2550; x_wconf 78' lang='lat' dir='ltr'>D’apres</span> <span class='ocrx_word' id='word_1_183' title='bbox 1215 2498 1384 2537; x_wconf 88' lang='lat' dir='ltr'>d’autres</span> <span class='ocrx_word' id='word_1_184' title='bbox 1402 2497 1521 2547; x_wconf 86' lang='lat' dir='ltr'>titres,</span> <span class='ocrx_word' id='word_1_185' title='bbox 1542 2497 1569 2535; x_wconf 88' lang='lat' dir='ltr'>il</span> <span class='ocrx_word' id='word_1_186' title='bbox 1590 2498 1667 2550; x_wconf 86' lang='lat' dir='ltr'>prit</span> 
     </span>
     <span class='ocr_line' id='line_1_28' title="bbox 250 2556 1664 2610; baseline 0.001 -16"><span class='ocrx_word' id='word_1_187' title='bbox 250 2556 288 2595; x_wconf 92' lang='lat' dir='ltr'>le</span> <span class='ocrx_word' id='word_1_188' title='bbox 312 2565 615 2609; x_wconf 86' lang='lat' dir='ltr'>gouvernement</span> <span class='ocrx_word' id='word_1_189' title='bbox 634 2557 682 2596; x_wconf 91' lang='lat' dir='ltr'>de</span> <span class='ocrx_word' id='word_1_190' title='bbox 701 2557 926 2596; x_wconf 73' lang='lat' dir='ltr'>l&#39;Orleanais</span> <span class='ocrx_word' id='word_1_191' title='bbox 945 2571 1045 2610; x_wconf 92' lang='lat' dir='ltr'>pour</span> <span class='ocrx_word' id='word_1_192' title='bbox 1063 2558 1099 2596; x_wconf 91' lang='lat' dir='ltr'>le</span> <span class='ocrx_word' id='word_1_193' title='bbox 1124 2558 1198 2596; x_wconf 90' lang='lat' dir='ltr'>duc</span> <span class='ocrx_word' id='word_1_194' title='bbox 1215 2558 1432 2610; x_wconf 85' lang='lat' dir='ltr'>prisonnier</span> <span class='ocrx_word' id='word_1_195' title='bbox 1452 2571 1501 2596; x_wconf 87' lang='lat' dir='ltr'>en</span> <span class='ocrx_word' id='word_1_196' title='bbox 1518 2557 1664 2610; x_wconf 86' lang='lat' dir='ltr'>Angle-</span> 
     </span>
     <span class='ocr_line' id='line_1_29' title="bbox 252 2615 1667 2670; baseline 0.001 -17"><span class='ocrx_word' id='word_1_197' title='bbox 252 2625 369 2664; x_wconf 86' lang='lat' dir='ltr'>terre,</span> <span class='ocrx_word' id='word_1_198' title='bbox 389 2615 550 2655; x_wconf 78' lang='lat' dir='ltr'>aussitot</span> <span class='ocrx_word' id='word_1_199' title='bbox 567 2618 677 2668; x_wconf 73' lang='lat' dir='ltr'>apres</span> <span class='ocrx_word' id='word_1_200' title='bbox 699 2617 737 2655; x_wconf 90' lang='lat' dir='ltr'>la</span> <span class='ocrx_word' id='word_1_201' title='bbox 758 2626 858 2656; x_wconf 86' lang='lat' dir='ltr'>mort</span> <span class='ocrx_word' id='word_1_202' title='bbox 875 2618 923 2656; x_wconf 88' lang='lat' dir='ltr'>de</span> <span class='ocrx_word' id='word_1_203' title='bbox 942 2632 1010 2656; x_wconf 89' lang='lat' dir='ltr'>son</span> <span class='ocrx_word' id='word_1_204' title='bbox 1028 2618 1129 2657; x_wconf 79' lang='lat' dir='ltr'>frere</span> <span class='ocrx_word' id='word_1_205' title='bbox 1147 2618 1325 2670; x_wconf 82' lang='lat' dir='ltr'>Philippe</span> <span class='ocrx_word' id='word_1_206' title='bbox 1345 2619 1495 2667; x_wconf 74' lang='lat'><strong>(1420),</strong></span> <span class='ocrx_word' id='word_1_207' title='bbox 1512 2625 1549 2655; x_wconf 89' lang='lat' dir='ltr'>et</span> <span class='ocrx_word' id='word_1_208' title='bbox 1566 2617 1591 2654; x_wconf 93' lang='lat' dir='ltr'>il</span> <span class='ocrx_word' id='word_1_209' title='bbox 1610 2617 1667 2655; x_wconf 88' lang='lat' dir='ltr'>sut</span> 
     </span>
     <span class='ocr_line' id='line_1_30' title="bbox 251 2675 1665 2730; baseline 0.001 -17"><span class='ocrx_word' id='word_1_210' title='bbox 251 2675 323 2714; x_wconf 88' lang='lat' dir='ltr'>mis</span> <span class='ocrx_word' id='word_1_211' title='bbox 341 2689 390 2714; x_wconf 92' lang='lat' dir='ltr'>en</span> <span class='ocrx_word' id='word_1_212' title='bbox 405 2688 495 2713; x_wconf 89' lang='lat' dir='ltr'>nom</span> <span class='ocrx_word' id='word_1_213' title='bbox 516 2675 609 2714; x_wconf 88' lang='lat' dir='ltr'>dans</span> <span class='ocrx_word' id='word_1_214' title='bbox 626 2675 682 2716; x_wconf 89' lang='lat' dir='ltr'>les</span> <span class='ocrx_word' id='word_1_215' title='bbox 701 2686 802 2716; x_wconf 84' lang='lat' dir='ltr'>actes</span> <span class='ocrx_word' id='word_1_216' title='bbox 829 2688 1065 2730; x_wconf 84' lang='lat' dir='ltr'>moyennant</span> <span class='ocrx_word' id='word_1_217' title='bbox 1083 2679 1121 2717; x_wconf 88' lang='lat' dir='ltr'>la</span> <span class='ocrx_word' id='word_1_218' title='bbox 1138 2679 1302 2717; x_wconf 86' lang='lat' dir='ltr'>sormule</span> <span class='ocrx_word' id='word_1_219' title='bbox 1329 2693 1337 2716; x_wconf 90' lang='lat'>:</span> <span class='ocrx_word' id='word_1_220' title='bbox 1366 2697 1382 2712; x_wconf 89' lang='lat'>«</span> <span class='ocrx_word' id='word_1_221' title='bbox 1404 2681 1479 2716; x_wconf 86' lang='lat' dir='ltr'>Par</span> <span class='ocrx_word' id='word_1_222' title='bbox 1495 2677 1665 2716; x_wconf 89' lang='lat' dir='ltr'>monsei-</span> 
     </span>
     <span class='ocr_line' id='line_1_31' title="bbox 256 2734 1668 2791; baseline 0.003 -18"><span class='ocrx_word' id='word_1_223' title='bbox 256 2748 380 2788; x_wconf 81' lang='lat' dir='ltr'>gneur</span> <span class='ocrx_word' id='word_1_224' title='bbox 394 2735 430 2774; x_wconf 85' lang='lat' dir='ltr'>le</span> <span class='ocrx_word' id='word_1_225' title='bbox 449 2734 539 2784; x_wconf 89' lang='lat' dir='ltr'>duc,</span> <span class='ocrx_word' id='word_1_226' title='bbox 561 2738 583 2773; x_wconf 70' lang='lat' dir='ltr'>a</span> <span class='ocrx_word' id='word_1_227' title='bbox 600 2736 636 2774; x_wconf 90' lang='lat' dir='ltr'>la</span> <span class='ocrx_word' id='word_1_228' title='bbox 650 2736 816 2776; x_wconf 88' lang='lat' dir='ltr'>relacion</span> <span class='ocrx_word' id='word_1_229' title='bbox 835 2737 887 2777; x_wconf 92' lang='lat' dir='ltr'>du</span> <span class='ocrx_word' id='word_1_230' title='bbox 902 2739 1043 2777; x_wconf 89' lang='lat' dir='ltr'>conseil</span> <span class='ocrx_word' id='word_1_231' title='bbox 1058 2741 1200 2791; x_wconf 84' lang='lat' dir='ltr'>ouquel</span> <span class='ocrx_word' id='word_1_232' title='bbox 1221 2739 1332 2778; x_wconf 90' lang='lat' dir='ltr'>estoit</span> <span class='ocrx_word' id='word_1_233' title='bbox 1345 2738 1616 2789; x_wconf 84' lang='lat' dir='ltr'>monseigneur</span> <span class='ocrx_word' id='word_1_234' title='bbox 1630 2737 1668 2777; x_wconf 83' lang='lat' dir='ltr'>le</span> 
     </span>
     <span class='ocr_line' id='line_1_32' title="bbox 251 2794 1668 2851; baseline 0.001 -17"><span class='ocrx_word' id='word_1_235' title='bbox 251 2794 399 2834; x_wconf 85' lang='lat' dir='ltr'>bastart</span> <span class='ocrx_word' id='word_1_236' title='bbox 421 2795 631 2835; x_wconf 81' lang='lat' dir='ltr'>d&#39;Orleans.</span> <span class='ocrx_word' id='word_1_237' title='bbox 658 2814 675 2830; x_wconf 76' lang='lat' dir='ltr'>n</span> <span class='ocrx_word' id='word_1_238' title='bbox 706 2799 760 2835; x_wconf 88' lang='lat' dir='ltr'>Or</span> <span class='ocrx_word' id='word_1_239' title='bbox 782 2811 835 2836; x_wconf 90' lang='lat' dir='ltr'>un</span> <span class='ocrx_word' id='word_1_240' title='bbox 857 2806 1104 2851; x_wconf 81' lang='lat' dir='ltr'>gouverneur</span> <span class='ocrx_word' id='word_1_241' title='bbox 1125 2799 1173 2838; x_wconf 92' lang='lat' dir='ltr'>de</span> <span class='ocrx_word' id='word_1_242' title='bbox 1197 2799 1382 2851; x_wconf 87' lang='lat' dir='ltr'>province</span> <span class='ocrx_word' id='word_1_243' title='bbox 1408 2797 1577 2848; x_wconf 73' lang='lat' dir='ltr'>exercait</span> <span class='ocrx_word' id='word_1_244' title='bbox 1594 2797 1668 2835; x_wconf 76' lang='lat' dir='ltr'>ne-</span> 
     </span>
     <span class='ocr_line' id='line_1_33' title="bbox 252 2855 1670 2909; baseline 0.001 -15"><span class='ocrx_word' id='word_1_245' title='bbox 252 2855 523 2895; x_wconf 85' lang='lat' dir='ltr'>cessairement</span> <span class='ocrx_word' id='word_1_246' title='bbox 548 2856 585 2895; x_wconf 90' lang='lat' dir='ltr'>la</span> <span class='ocrx_word' id='word_1_247' title='bbox 612 2857 825 2909; x_wconf 86' lang='lat' dir='ltr'>profession</span> <span class='ocrx_word' id='word_1_248' title='bbox 852 2859 918 2897; x_wconf 91' lang='lat' dir='ltr'>des</span> <span class='ocrx_word' id='word_1_249' title='bbox 936 2873 1061 2898; x_wconf 88' lang='lat' dir='ltr'>armes</span> <span class='ocrx_word' id='word_1_250' title='bbox 1083 2861 1144 2909; x_wconf 84' lang='lat' dir='ltr'>(A.</span> <span class='ocrx_word' id='word_1_251' title='bbox 1177 2862 1461 2906; x_wconf 65' lang='lat' dir='ltr'>Cnumormon,</span> <span class='ocrx_word' id='word_1_252' title='bbox 1494 2861 1607 2897; x_wconf 83' lang='lat' dir='ltr'>Louis</span> <span class='ocrx_word' id='word_1_253' title='bbox 1631 2864 1670 2895; x_wconf 85' lang='lat' dir='ltr'>et</span> 
     </span>
     <span class='ocr_line' id='line_1_34' title="bbox 256 2918 1664 2971; baseline 0 -15"><span class='ocrx_word' id='word_1_254' title='bbox 256 2918 410 2956; x_wconf 77' lang='lat' dir='ltr'>Charles</span> <span class='ocrx_word' id='word_1_255' title='bbox 429 2918 646 2964; x_wconf 74' lang='lat' dir='ltr'>d’orle&#39;ans,</span> <span class='ocrx_word' id='word_1_256' title='bbox 668 2926 696 2957; x_wconf 91' lang='lat' dir='ltr'>t.</span> <span class='ocrx_word' id='word_1_257' title='bbox 718 2920 752 2966; x_wconf 88' lang='grc' dir='ltr'>Ι,</span> <span class='ocrx_word' id='word_1_258' title='bbox 776 2933 816 2970; x_wconf 92' lang='lat' dir='ltr'>p.</span> <span class='ocrx_word' id='word_1_259' title='bbox 847 2921 939 2969; x_wconf 81' lang='lat'><strong>315,</strong></span> <span class='ocrx_word' id='word_1_260' title='bbox 969 2922 1075 2971; x_wconf 84' lang='lat'><strong>330).</strong></span> <span class='ocrx_word' id='word_1_261' title='bbox 1106 2921 1218 2959; x_wconf 88' lang='lat' dir='ltr'>Enfin</span> <span class='ocrx_word' id='word_1_262' title='bbox 1240 2921 1276 2959; x_wconf 86' lang='lat' dir='ltr'>le</span> <span class='ocrx_word' id='word_1_263' title='bbox 1299 2922 1349 2957; x_wconf 77' lang='lat'>15</span> <span class='ocrx_word' id='word_1_264' title='bbox 1373 2918 1470 2958; x_wconf 86' lang='lat' dir='ltr'>avril</span> <span class='ocrx_word' id='word_1_265' title='bbox 1491 2919 1610 2967; x_wconf 75' lang='lat'><strong>1421,</strong></span> <span class='ocrx_word' id='word_1_266' title='bbox 1638 2918 1664 2956; x_wconf 87' lang='lat' dir='ltr'>il</span> 
     </span>
    </p>
   </div>
  </div>
 </body>
</html>
