2086 3528
729 330 875 373 LIBER
907 330 1134 378 QUINTUS.
1568 332 1640 382 291

223 412 435 481 gundiae,
471 412 546 467 sui
577 410 800 460 desiderii
834 412 1058 479 potiundi
1102 429 1246 461 causa
1288 422 1336 466 et
1372 413 1435 467 ad
1472 429 1646 479 pravos

221 506 335 537 suos
357 487 670 555 perveniendi
693 487 837 551 fines,
862 487 1024 536 fovere
1047 498 1094 537 et
1111 490 1287 554 jugiter
1309 491 1493 557 nutrire
1522 500 1646 541 sata-

223 567 424 633 gebant,
465 576 693 631 tanquam
733 576 991 631 suspectae,
1031 577 1198 633 spretae
1233 567 1425 614 fuerunt
1453 577 1499 614 et
1530 585 1641 615 con-

224 655 414 711 temptae
439 663 449 692 τ
476 644 841 708 suggerentibus
872 646 984 712 ipsis
1013 645 1120 694 ficte
1152 657 1199 696 et
1229 647 1463 695 malitiose
1486 649 1649 695 omnia

223 723 327 772 haec
351 741 438 799 per
458 723 632 771 ducem
654 723 1050 788 Burgundionum
1071 724 1305 785 simulari,
1327 726 1650 791 praesumique

224 803 385 869 potius
400 801 603 863 debere,
627 801 716 849 sub
728 801 1063 866 hujuscemodi
1080 801 1238 849 verbis
1254 802 1404 849 veluti
1421 803 1646 868 pacificis,

225 879 416 928 indolo
449 880 710 927 exercitum
744 896 974 943 magnum
1003 880 1122 927 velle
1155 879 1376 944 colligere
1410 890 1457 928 et
1489 898 1650 945 regem

225 958 546 1006 cicumvenire
565 995 577 1017 ‚
613 967 665 1004 ut
699 957 1015 1022 improvisum
1047 973 1157 1004 eum
1181 967 1227 1005 et
1247 958 1538 1023 imparatum
1568 974 1652 1022 ag-

227 1035 360 1099 gredi
393 1045 556 1101 posset
572 1071 584 1095 ,
610 1052 757 1099 quam
781 1034 916 1099 quod
941 1034 1021 1082 illa
1045 1051 1150 1100 quae
1168 1035 1378 1099 jactabat
1409 1036 1469 1084 de
1501 1053 1652 1102 expu-

227 1114 453 1178 gnatione
474 1116 736 1161 Turcarum
757 1112 899 1160 vellet
921 1111 1150 1177 perficere
1171 1114 1247 1161 vel
1269 1123 1519 1162 attentare.

294 1190 551 1256 Repulsam
579 1191 737 1255 itaque
760 1202 1073 1251 consecutuS‚
1113 1207 1225 1238 cum
1257 1191 1391 1239 nullo
1415 1201 1557 1258 pacto
1580 1209 1654 1240 se-

229 1270 416 1319 curitati
433 1279 667 1317 terrarum
684 1268 1159 1334 suarumpervideret
1173 1285 1372 1334 seposse
1382 1271 1650 1332 consulere,

228 1348 267 1396 si
290 1355 389 1396 tam
413 1347 614 1396 arduam
631 1383 642 1401 ,
675 1356 772 1394 tam
795 1346 989 1410 longam
1011 1356 1154 1411 atque
1176 1346 1417 1395 difficilem
1445 1349 1655 1414 peregri—

229 1427 477 1475 nationem
505 1426 687 1487 obiret,
722 1425 1068 1490 quiescendum
1093 1427 1254 1491 potius
1281 1435 1329 1473 et
1362 1425 1424 1473 ad
1450 1426 1655 1475 tuendos

229 1505 304 1553 sui
331 1504 521 1570 imperii
542 1503 759 1550 subditos
783 1512 924 1567 atque
950 1501 1070 1550 fines
1091 1502 1439 1567 invigilandum
1465 1504 1656 1556 consul·

230 1583 324 1631 tius
346 1582 496 1629 duxit.
530 1584 626 1628 Nec
657 1590 816 1628 tamen
839 1589 1006 1645 postea
1044 1580 1231 1638 omisit,
1261 1596 1373 1626 cum
1409 1580 1555 1627 felicis
1583 1597 1666 1626 re·-

230 1659 524 1708 cordationis
563 1674 689 1724 papa
722 1658 858 1704 Pius¹
885 1657 1126 1722 principes
1153 1657 1438 1704 christianos
1476 1657 1537 1704 ad
1566 1656 1656 1704 hu-

225 1737 441 1804 Jusmodi
458 1736 723 1784 infidelium
739 1735 1142 1800 expugnationem
1163 1735 1444 1783 cohortatus
1466 1735 1628 1782 fuisset
1642 1773 1653 1787 ,

231 1832 378 1880 seque
389 1823 687 1881 praesentem,
705 1829 816 1860 cum
833 1811 1005 1876 quibus
1015 1813 1299 1877 quantisque
1313 1823 1473 1878 posset
1483 1813 1652 1878 copiis,

231 1893 509 1941 adfuturum
523 1891 787 1952 obtulisset,
810 1899 858 1938 et
871 1900 1145 1955 comparata
1162 1891 1310 1938 classe
1325 1891 1657 1955 adjunctisque

232 1960 462 2021 militibus
483 1971 628 2018 etiam
651 1986 803 2034 usque
830 1972 1076 2018 Anconam
1099 1987 1155 2017 ex
1183 1970 1308 2018 Urbe
1323 1971 1529 2018 venisset
1552 1970 1655 2035 (ubi

231 2060 388 2098 morte
422 2059 685 2115 praereptus
711 2047 846 2112 θεῖ’),
881 2048 1024 2112 quin,
1062 2047 1123 2094 ad
1154 2047 1433 2111 hujusmodi
1462 2049 1656 2113 expedi-

234 2128 416 2175 tionem
438 2136 487 2174 et
511 2125 623 2173 fidei
647 2134 694 2172 et
715 2125 937 2172 Ecclesiae
956 2125 1044 2171 Dei
1063 2124 1348 2184 subsidium,
1369 2141 1595 2189 magnam
1610 2137 1657 2173 et

233 2205 460 2255 validam‘
483 2213 714 2252 armatam
757 2203 1098 2252 transmitteret
1141 2220 1253 2250 cum
1289 2203 1439 2251 classe
1475 2206 1656 2270 optime

234 2283 438 2332 navibus
471 2292 519 2330 et
551 2283 693 2330 armis
729 2282 974 2328 instructa.
1018 2280 1162 2344 Cujus
1193 2281 1422 2329 ducatum
1456 2282 1657 2329 domino

235 2361 463 2420 Antoni0‚
484 2360 689 2408 naturali
706 2377 795 2408 suo
819 2359 957 2418 fili0³,
975 2358 1160 2406 famoso
1177 2368 1224 2406 et
1242 2368 1436 2406 strenuo
1453 2360 1658 2410 militum

235 2439 348 2487 duci
371 2449 419 2486 et
440 2439 708 2504 capitaneo,
727 2438 1047 2486 commiserat.
1067 2438 1301 2485 Antonius
1325 2448 1503 2499 autem,
1527 2438 1660 2486 intel-

234 2516 360 2566 lecta
385 2514 628 2564 Pontificis
648 2525 830 2577 morte,
854 2525 902 2562 et
925 2515 1059 2579 quod
1084 2514 1256 2564 adorsa
1281 2525 1328 2563 et
1351 2526 1499 2581 caepta
1521 2532 1661 2582 expe-

291 2666 308 2701 1
321 2693 330 2702 .
361 2663 427 2701 Pie
446 2665 497 2703 11.

290 2724 331 2761 2.
361 2725 416 2762 Le
435 2725 487 2762 15
505 2722 599 2761 amit
619 2723 739 2761 1464.

293 2784 331 2821 3.
364 2781 550 2830 Autome,
579 2781 717 2834 appele
745 2781 1049 2820 ordinairement
1072 2780 1109 2819 le
1140 2777 1441 2821 Grand-Batard
1471 2777 1519 2816 de
1544 2781 1666 2817 Bour-

239 2855 377 2895 gogne.
