2086 3528
491 348 539 384 52
868 346 1208 383 HISTORIARUM
1234 343 1416 383 CAROLI
1440 344 1510 380 VII

490 428 645 488 enim,
673 437 782 474 ante
809 425 922 472 belli
962 425 1235 486 exordium,
1263 424 1359 472 dux
1388 423 1666 472 Bethfordiae
1690 439 1775 488 per
1804 422 1891 470 he-

490 503 676 551 raldum
706 502 992 549 sciscitatum
1021 502 1220 549 misisset
1249 504 1499 549 Scotorum
1528 501 1674 548 duces
1703 497 1893 566 qualem

490 580 601 627 belli
622 579 946 627 conditionem
968 578 1049 625 illo
1073 579 1150 626 die
1186 578 1436 627 observare
1461 585 1804 644 proponerent,
1826 575 1894 623 illi

490 658 550 704 de
571 660 666 704 suis
685 656 864 703 viribus
880 666 1020 720 atque
1036 656 1334 707 multitudine
1349 666 1627 721 arroganter
1643 655 1904 715 sentientes,

489 745 536 782 et
556 736 694 781 nimis
709 744 884 782 temere
905 745 1256 799 praesumentes,
1275 736 1489 782 feruntur
1508 732 1807 799 respondisse
1825 747 1892 791 se,

490 813 571 859 illo
596 812 689 872 die,
716 829 804 859 nec
828 812 1076 875 Anglicum
1091 813 1333 877 captivum
1358 829 1561 874 servare,
1588 828 1677 859 nec
1697 827 1746 858 se
1763 811 1898 856 vivos

489 889 748 952 Anglorum
772 890 983 955 captivos
999 889 1172 936 abduci
1186 889 1321 936 velle.
1345 889 1489 947 Quod
1507 905 1790 954 responsum
1804 889 1899 954 vAn-

489 966 678 1030 glorum
697 967 884 1014 animos
917 967 967 1013 in
997 983 1166 1014 eorum
1197 966 1363 1014 odium
1397 976 1537 1032 atque
1567 982 1733 1014 necem
1753 956 1898 1012 vehe-

489 1053 673 1091 menter
694 1044 926 1106 accendit,
961 1044 1010 1090 in
1036 1061 1230 1108 eosque,
1260 1060 1406 1108 quam
1428 1045 1494 1091 eis
1520 1043 1691 1091 inferre
1715 1057 1897 1108 propo-

487 1131 697 1182 suerant,
722 1121 876 1169 vicem
899 1121 1091 1168 refudit.

964 1340 1303 1385 CAPITULUM
1338 1340 1413 1385 IV.

535 1474 643 1519 Quod
659 1474 842 1510 infelicitas
865 1473 1073 1522 hujusmodi
1096 1475 1208 1522 praelii
1229 1473 1394 1510 nonnihil
1413 1473 1594 1510 commodi
1610 1475 1726 1510 attulit
1746 1485 1855 1521 reguo

1081 1535 1311 1572 Francorum.

556 1664 844 1725 Quanquam
881 1672 1041 1709 autem
1076 1662 1409 1726 hujuscemodi
1440 1662 1651 1728 praelium
1679 1678 1778 1709 non
1818 1677 1903 1727 pa-

492 1755 601 1784 rum
643 1738 929 1786 damnosum
984 1740 1261 1804 exitialeque
1297 1740 1434 1787 suerit
1470 1741 1683 1802 Francis,
1721 1749 1900 1799 tamen,

492 1827 637 1881 prout
659 1817 760 1881 ipse
790 1834 912 1882 saepe
940 1835 967 1865 a
994 1818 1368 1882 prudentissimis
1391 1821 1682 1865 Francorum
1705 1815 1913 1879 ducibus-

494 1894 782 1954 audivimus,
815 1897 1069 1942 Scotorum
1109 1913 1226 1943 nece
1261 1913 1316 1944 ac
1350 1896 1629 1961 perditione,
1673 1895 1906 1943 damnum

494 1971 627 2036 quod
667 1973 966 2020 incurrerant
995 1974 1104 2021 satis
1135 1969 1439 2039 repensatum
1474 1984 1560 2021 est.
1602 1977 1746 2020 Tanta
1776 1971 1906 2019 enim

495 2050 864 2114 praesumptione
903 2067 958 2098 ac
992 2051 1191 2098 audacia
1221 2051 1494 2098 ferebantur
1518 2050 1662 2109 Scoti,
1693 2049 1816 2097 vires
1849 2063 1905 2095 ac

495 2127 759 2191 potentiam
777 2130 1067 2174 Francorum
1097 2137 1456 2175 contemnentes
1479 2137 1525 2174 ct
1549 2143 1638 2191 pro
1662 2125 1814 2173 nihilo
1837 2142 1908 2173 re-

497 2213 747 2267 putantes,
789 2221 894 2268 quae
923 2205 1021 2268 jam
1061 2214 1164 2251 tum
1198 2222 1254 2252 ex
1290 2205 1506 2252 civilibus
1526 2214 1628 2251 tum
1656 2203 1906 2250 hostilibus

495 2279 632 2327 bellis
650 2280 910 2345 plurimum
934 2282 1099 2329 attritae
1114 2280 1441 2346 depressaeque
1466 2283 1757 2339 exstiterant,
1775 2278 1907 2346 quod

498 2358 659 2405 animo
679 2368 1044 2423 proposuerant,
1067 2359 1103 2406 si
1120 2359 1290 2423 Anglos
1312 2360 1359 2405 in
1380 2359 1462 2408 illo
1486 2359 1645 2426 praelio
1668 2358 1909 2424 protrivis-

498 2444 620 2494 sent,
640 2434 825 2481 nobiles
842 2451 1010 2482 omnes
1032 2434 1327 2499 Andegaviae,
1354 2436 1571 2483 Turoniae
1595 2445 1641 2483 et
1661 2435 1846 2483 Bituriae
1861 2443 1908 2483 et

498 2513 762 2560 vicinarum
784 2523 1034 2572 terrarum,
1062 2515 1144 2578 qui
1175 2513 1342 2578 reliqui
1374 2524 1524 2574 erant,
1550 2501 1802 2580 perimere,
1823 2530 1906 2562 co·

499 2607 701 2655 rumque
721 2589 909 2650 domos,
936 2607 1107 2637 uxores
1130 2607 1184 2638 ac
1214 2601 1378 2649 terras,
1404 2601 1449 2639 et
1477 2592 1797 2656 possessiones
1810 2590 1909 2657 opi-

501 2685 600 2715 mas
625 2685 711 2715 suo
728 2668 825 2732 juri
844 2685 899 2715 ac
921 2668 1137 2715 dominio
1159 2669 1447 2733 mancipare.
1465 2669 1606 2727 Quod
1628 2668 1795 2735 procul
1817 2667 1908 2716 du-

499 2745 580 2793 bio
601 2763 699 2793 non
725 2745 916 2793 difficile
935 2746 1000 2792 cis
1024 2745 1227 2792 multum
1247 2745 1371 2793 sactu
1395 2745 1571 2807 suisset,
1599 2747 1636 2794 si
1659 2764 1747 2813 pro
1770 2755 1903 2806 voto,

498 2823 774 2887 hujusmodi
796 2824 955 2890 proelio
977 2824 1234 2889 peremptis
1257 2834 1400 2889 atque
1424 2825 1661 2873 exstinctis
1684 2822 1904 2889 Anglicis,
