2086 3528
511 348 588 387 152
756 358 759 360 ’
895 345 1235 384 HISTORIARUM
1261 345 1443 383 CAROLI
1470 345 1539 381 VII

513 430 693 496 probra
717 444 1032 492 quaecumque
1050 426 1127 474 vel
1149 427 1343 491 injurias
1360 428 1488 475 ferre
1511 428 1768 493 patienter,
1801 426 1924 476 insta

492 523 692 573 paucos
724 506 824 553 dies
861 504 1033 552 morbo
1058 503 1171 551 inde
1202 515 1470 567 contracto,
1507 523 1563 553 ex
1596 504 1688 554 hac
1718 502 1928 552 instabili

513 585 619 631 luce
658 593 729 630 est
758 582 1063 629 subtractus¹.
1102 581 1194 639 Qui
1227 583 1470 646 profecto,
1510 584 1549 630 si
1582 600 1633 630 se
1670 581 1927 646 adjungere

515 662 773 710 curavisset
795 660 886 708 illis
910 661 1171 724 Anglorum
1198 659 1399 707 ducibus
1421 671 1565 726 atque
1598 660 1774 708 militiae
1800 669 1930 708 vete·

515 756 770 797 ranorum,
820 739 904 803 qui
946 738 1071 785 circa
1104 736 1225 784 fines
1265 737 1668 802 Rothomagenses
1703 748 1751 785 et
1795 737 1844 784 in
1875 753 1931 786 ea

516 816 634 864 urbe
662 826 763 864 tum
790 816 1016 876 aderant,
1043 831 1305 879 eorumque
1327 816 1396 862 uti
1413 817 1636 877 consilio,
1663 815 1821 880 aliqua
1843 831 1932 880 pro

519 893 782 958 Anglorum
801 892 1019 940 dominio
1038 891 1176 940 valde
1200 891 1332 938 utilia
1354 908 1513 954 gerere
1534 893 1781 958 potuisset.

955 1059 1298 1106 CAPITULUM
1330 1059 1494 1105 XVIII.

569 1186 623 1220 De
635 1184 821 1221 obsidione
835 1183 962 1234 oppidi
975 1185 1095 1232 Diepae
1105 1211 1115 1228 ,
1131 1192 1166 1219 et
1176 1183 1359 1231 quomodo
1376 1193 1488 1219 castra
1506 1183 1705 1231 Anglorum
1720 1195 1742 1219 a
1751 1183 1894 1220 Francis

907 1254 1110 1293 expugnata
1126 1253 1229 1292 atque
1243 1244 1385 1279 incensa
1401 1244 1558 1279 fuerunt.

591 1366 657 1410 Ea
694 1364 824 1410 enim
858 1373 1135 1428 tempestate
1176 1362 1266 1427 ipsi
1299 1361 1505 1425 Anglici,
1547 1371 1741 1409 auctore
1769 1359 1946 1407 comite

525 1440 941 1502 Cherosberiensi‚
977 1440 1177 1487 domino
1202 1439 1262 1487 de
1302 1438 1487 1500 Talbot‚
1522 1448 1690 1487 contra
1712 1436 1947 1503 oppidum

527 1521 687 1585 Diepae
723 1520 1018 1567 maritimum
1051 1529 1203 1567 castra
1236 1528 1522 1584 posuerant,
1555 1528 1602 1565 et
1633 1535 1688 1565 ex
1724 1515 1948 1583 opposito

530 1597 711 1663 oppido
743 1607 873 1645 trans
908 1614 1128 1659 amnem,
1172 1598 1282 1662 qui,
1319 1597 1576 1644 decurrens
1607 1595 1740 1660 juxta
1774 1593 1950 1642 moenia

531 1675 719 1739 oppidi,
741 1684 936 1739 portum
952 1675 1157 1723 navibus
1179 1675 1315 1734 facit,
1338 1691 1482 1739 supra
1501 1673 1677 1721 montis
1690 1675 1705 1698 ¹
1719 1687 1950 1720 cacumen

530 1751 768 1799 hastiliam
792 1754 1159 1800 munitissimam
1182 1754 1486 1800 struxerant³.
1504 1752 1759 1800 Ferebatur
1774 1750 1953 1816 quippe

533 1846 633 1876 non
664 1830 850 1877 facilius
871 1847 1016 1895 quam
1037 1831 1195 1896 ipsum
1211 1830 1447 1896 oppidum
1471 1828 1797 1896 expugnabilis
1813 1843 1949 1876 esse-2

533 1917 632 1955 tam
658 1909 839 1956 munita
860 1910 986 1956 vallo
1003 1947 1015 1970 ,
1041 1926 1244 1973 aggere,
1258 1907 1630 1974 propugnaculis
1653 1916 1700 1955 et
1719 1905 1832 1954 belli
1853 1920 1953 1953 ma-

537 1985 690 2033 chinis
723 1986 1094 2051 circumquaque
1130 1997 1246 2035 erat.
1275 1990 1335 2034 Et
1365 1997 1492 2034 certe
1525 1986 1565 2032 si
1596 1985 1656 2032 de
1677 2001 1775 2050 quo
1808 1983 1956 2047 locuti

538 2081 702 2111 sumus
735 2064 830 2111 dux
866 2065 1201 2126 Summersefi,
1246 2080 1357 2111 cum
1399 2064 1481 2111 illo
1518 2079 1662 2128 quem
1704 2061 1957 2110 advexerat

539 2141 769 2202 exercitu,
793 2143 917 2188 vires
944 2151 1096 2189 tantas
1118 2141 1219 2188 aliis
1243 2141 1504 2204 Anglorum
1530 2140 1680 2205 copiis
1708 2154 1958 2203 aggregas-

540 2228 632 2280 set,
666 2219 978 2266 verisimiliter
1003 2227 1050 2265 et
1078 2218 1194 2266 illud
1221 2218 1457 2284 oppidum
1478 2218 1639 2282 Diepae
1661 2226 1708 2264 et
1724 2215 1959 2264 nonnulla

542 2297 632 2343 alia
679 2312 960 2360 recuperare
1003 2297 1287 2360 potuissent.
1329 2295 1423 2343 Sed
1464 2295 1663 2361 proprio
1706 2293 1960 2343 abundans

542 2390 684 2421 sensu
702 2410 714 2433 ‚
741 2373 819 2420 illa
849 2390 972 2420 vana
995 2383 1137 2438 atque
1168 2373 1335 2421 frivola
1357 2391 1462 2438 quae
1484 2373 1731 2421 retulimus
1752 2382 1961 2420 tantum-

544 2450 693 2498 modo
711 2450 888 2510 effecit3
914 2450 1048 2515 quod
1065 2451 1354 2499 damnosum
1374 2451 1511 2499 valde
1534 2451 1676 2499 rebus
1696 2450 1961 2515 Anglicanis

546 2529 733 2578 exstitit.
761 2530 879 2576 Nam
900 2545 1012 2575 cum
1027 2530 1194 2577 Franci
1206 2530 1533 2595 prospicerent
1548 2529 1783 2579 hastiliam
1803 2528 1958 2591 illam,

601 2673 638 2708 1.
671 2672 729 2708 En
749 2671 865 2709 1444.

600 2733 640 2771 2.
670 2733 724 2768 Le
747 2729 881 2768 Pollet.

601 2793 641 2831 3.
672 2794 745 2830 Les
760 2790 990 2843 chroniques
1001 2799 1226 2843 rapportent
1237 2792 1259 2829 ἐι
1274 2790 1350 2829 l’an
1364 2790 1466 2830 1442
1481 2791 1518 2830 la
1531 2790 1787 2831 construction
1802 2788 1851 2832 de
1865 2796 1962 2833 cette

546 2849 709 2890 bastille‚
731 2849 866 2890 Talbot
885 2850 974 2891 e'tait
995 2865 1099 2892 venu
1116 2851 1257 2892 devant
1272 2851 1420 2906 Dieppe
1432 2865 1520 2893 vers
1536 2853 1573 2892 la
1587 2851 1798 2892 Toussaint‚
