2086 3528
695 351 844 390 LIBER
870 350 1141 390 SECUNDUS.
1585 350 1637 387 65

219 436 345 484 tibus
358 436 599 504 expeditas
617 433 878 482 multorum
894 432 1096 480 millium
1116 433 1333 498 equitum
1350 447 1405 479 ac
1421 430 1639 497 peditum

221 515 371 574 acies,
399 531 606 580 quorum
630 513 991 578 comparatione
1016 513 1194 559 nullius
1224 527 1357 576 paene
1380 510 1641 576 reputatio-

222 593 295 640 nis
317 609 418 640 esse
441 591 746 651 videbantur,
773 607 828 637 ex
854 590 949 637 suis
980 589 1198 637 curribus
1226 599 1273 636 et
1291 587 1521 636 vehiculis
1545 604 1645 635 cas-

220 679 293 718 tra
323 669 441 729 sibi,
466 678 636 716 contra
658 668 893 734 impetum
928 670 1223 714 Francorum
1253 666 1470 730 equitum
1502 674 1646 730 atque

221 747 437 814 peditum
465 747 614 803 acieS‚
646 746 757 793 satis
788 745 992 811 provide
1029 745 1244 792 fecerunt
1281 754 1424 808 atque
1461 743 1648 791 munie-

222 834 361 886 runt,
388 833 435 872 et
456 823 518 872 ad
542 823 882 889 excipiendum
899 823 1063 871 hostes
1078 839 1218 871 arcus
1234 831 1282 869 et
1298 823 1489 885 sagittas
1506 832 1650 887 atque

222 899 352 952 arma
374 911 781 969 praeparaverunt.
806 904 917 961 Quo
941 901 1067 949 sacto
1082 937 1095 958 ‚
1120 917 1231 949 cum
1253 901 1447 948 concito
1468 902 1652 967 impetu

224 982 413 1046 agmina
432 984 729 1028 Francorum
757 981 974 1045 equitum
1005 989 1161 1027 castra
1188 978 1452 1044 Anglorum
1475 980 1652 1027 irrum-

224 1076 336 1126 pere
358 1059 486 1110 etad
505 1076 587 1107 eos
610 1059 960 1126 proterendum
979 1057 1133 1106 contis
1150 1067 1196 1105 et
1211 1057 1389 1105 lanceis
1404 1068 1655 1124 penetrare

224 1139 335 1187 totis
374 1138 555 1187 viribus
601 1138 952 1186 contenderent
973 1175 985 1197 ,
1023 1153 1051 1184 e
1083 1136 1274 1183 diverso
1306 1136 1444 1201 Angli
1477 1137 1657 1185 vallum

225 1233 364 1265 suum
383 1217 659 1276 defendere,
689 1233 828 1264 arcus
853 1215 1009 1263 valide
1041 1214 1296 1263 extendere
1313 1252 1324 1274 ,
1347 1215 1505 1279 jacula
1528 1215 1659 1263 velut

226 1295 403 1343 densos
425 1295 604 1343 imbres
626 1294 838 1353 mittere,
864 1311 1016 1360 equos
1038 1294 1251 1341 hostium
1269 1294 1544 1355 vulnerare,
1568 1311 1661 1342 ses-

226 1390 359 1421 sores
380 1373 552 1437 ejicere
575 1390 631 1421 ac
648 1409 660 1433 ,
694 1390 781 1438 per
802 1372 899 1420 hoc
915 1410 926 1432 ,
954 1372 1188 1438 impetum
1218 1372 1430 1420 hostium
1462 1373 1661 1420 viriliter

226 1452 496 1517 propellere
519 1450 794 1499 studebant.
820 1450 966 1508 Quod
990 1467 1102 1498 eum
1122 1450 1187 1498 ita
1216 1449 1350 1498 fieret
1369 1460 1417 1498 et
1439 1451 1578 1499 multi
1603 1468 1661 1498 ex

229 1532 524 1577 Francorum
560 1529 800 1593 equitibus
836 1528 1090 1586 caderent,
1125 1545 1294 1575 eorum
1327 1528 1663 1577 corruentibus

228 1607 363 1671 equis
394 1607 672 1671 sagittarum
720 1604 893 1653 ictibus
927 1605 1165 1653 lethaliter
1205 1605 1456 1668 sauciatis,
1499 1607 1662 1655 multis

230 1684 374 1732 etiam
396 1700 464 1731 ex(
486 1700 657 1731 eorum
681 1682 923 1748 peditibus
954 1683 1148 1731 levioris
1173 1693 1424 1731 armaturae·
1447 1683 1661 1733 similiter

231 1762 536 1823 cadentibus,
556 1762 759 1811 turbatis
782 1771 828 1810 et
851 1761 1064 1809 confusis
1086 1779 1258 1810 eorum
1281 1762 1552 1823 ordinibus,
1571 1764 1663 1830 ipsi

231 1840 400 1888 Franci
439 1850 572 1904 terga
607 1847 872 1887 verterunt.
915 1842 1136 1898 Quorum
1166 1839 1392 1888 ductores
1430 1842 1664 1889 exercitus

233 1928 349 1966 tunc
377 1918 475 1967 dux
510 1918 768 1966 Borbonii¹
793 1927 840 1964 et
870 1917 1069 1966 Carolus
1101 1917 1162 1966 de
1199 1918 1524 1984 Andegavia²‚
1550 1937 1662 1967 cum

234 1997 454 2063 pluribus
478 1998 601 2061 regis
626 1996 912 2062 capitaneiS,
942 1995 1084 2043 fuisse
1110 1995 1402 2044 ferebantur.

300 2077 617 2140 Erumpentes
661 2090 777 2122 vero
812 2091 838 2121 e
870 2074 968 2121 suis
1004 2073 1277 2121 currulibus
1321 2075 1484 2123 castris
1522 2085 1665 2141 atque

235 2154 362 2202 vallo
399 2153 540 2217 Angli
582 2163 628 2200 et
661 2154 708 2200 in
750 2152 912 2200 hostes
958 2169 1135 2217 magno
1170 2153 1356 2218 impetu
1400 2154 1663 2217 irruentes,

237 2231 416 2280 multos
449 2249 506 2280 ex
539 2231 653 2297 ipsis
685 2230 966 2279 ceciderunt
988 2268 999 2289 ,
1027 2241 1074 2279 et
1095 2247 1186 2296 pro
1218 2240 1437 2297 tempore
1469 2233 1670 2281 victoria

238 2311 349 2358 satis
371 2310 575 2358 honesta
598 2311 764 2376 potiti,
791 2309 854 2358 ad
882 2319 1035 2358 eastra
1071 2326 1220 2374 usque
1252 2321 1452 2359 suorum
1487 2313 1670 2360 circum

241 2389 630 2438 Aurelianensem
654 2389 851 2451 urbem,
877 2406 990 2437 cum
1015 2390 1111 2436 suis
1133 2389 1353 2438 curribus
1378 2400 1426 2438 et
1453 2408 1669 2452 annona,

241 2475 288 2514 et
311 2483 413 2514 uon
444 2466 802 2515 contemnenda
837 2482 893 2514 ex
927 2466 1149 2514 hostibus
1177 2467 1340 2533 praeda
1385 2468 1668 2533 gaudenteS,

243 2546 611 2610 pervenerunt³.
663 2536 665 2539 ’
1286 2552 1290 2555 ’

301 2694 340 2732 1.
372 2693 423 2730 Ce
440 2690 573 2731 n’etait
598 2705 668 2745 pas
697 2693 735 2732 le
759 2693 837 2733 duc
860 2694 910 2733 de
933 2693 1118 2734 Bourbon
1134 2724 1145 2744 ,
1167 2695 1271 2734 alors
1287 2695 1509 2748 prisonnier
1531 2710 1581 2736 en
1599 2700 1680 2735 An-

248 2750 429 2801 gleterre,
450 2751 547 2790 mais
564 2751 602 2790 le
624 2752 683 2791 fils
702 2752 751 2791 de
769 2765 814 2792 ce
829 2753 917 2794 due.

303 2814 342 2851 2.
373 2813 531 2853 Charles
550 2813 733 2862 d’Anjou,
752 2814 978 2854 beau-frere
993 2805 1138 2854 duroi.

308 2872 348 2910 3.
376 2875 429 2909 Le
451 2875 501 2911 12
522 2873 665 2911 sevrier
682 2875 803 2914 1429.

362 2949 377 2973 1
1499 2945 1522 2980 5
