2086 3528
451 322 532 362 322,
832 321 1175 359 HISTORIARUM
1200 322 1379 360 CAROLI
1409 323 1481 360 VII

451 404 550 452 bita
585 414 630 451 et
665 413 853 450 ostensa
889 403 1096 450 fuerunt.
1136 407 1204 450 Ita
1246 404 1380 468 quod
1428 406 1476 451 in
1521 404 1772 465 omnibus,
1814 405 1862 452 in

451 492 683 547 quantum
709 480 776 527 fas
794 480 967 544 jusque
993 481 1321 545 permitterent
1337 517 1348 539 ,
1373 482 1590 530 Ecclesiae
1614 483 1744 547 regni
1766 483 1861 544 sui,

451 560 499 606 in
527 558 716 606 tuendis
749 567 796 604 et
829 557 1169 604 conservandis
1200 557 1409 622 antiquis
1443 559 1543 623 ejus
1572 559 1866 607 libertatibus

450 649 497 685 et
530 636 936 697 immunitatibus,
975 636 1242 700 adjutorem
1281 651 1331 682 se
1370 645 1510 700 atque
1543 647 1865 702 protectorem

449 717 677 764 devotum
698 714 981 773 exhibebat3
1005 713 1152 774 unde,
1174 713 1341 778 procul
1364 713 1532 774 dubio,
1558 733 1586 764 a
1610 725 1712 763 toto
1736 716 1864 763 clero

449 794 701 841 Gallicanae
724 792 943 839 Ecclesiae
964 792 1156 838 sincerae
1183 790 1453 839 devotionis
1476 792 1646 840 affectu
1670 802 1717 840 et
1745 793 1866 840 cole—

450 871 591 920 batur
616 881 662 918 et
683 869 946 918 amabatur.

893 1036 1235 1082 CAPITULUM
1268 1037 1412 1082 XXV.

518 1159 712 1204 Quomodo
727 1159 873 1195 Carolus
888 1158 1035 1194 subditis
1051 1159 1207 1206 pepercit
1218 1186 1227 1203 ,
1246 1167 1279 1193 et
1294 1158 1407 1205 qualis
1421 1158 1489 1194 sibi
1503 1159 1594 1206 juris
1609 1167 1643 1194 et
1656 1159 1796 1206 justitia

1070 1230 1155 1253 cura
1169 1218 1249 1252 fuit.

513 1328 754 1376 Nobilitati
777 1329 921 1376 etiam
939 1327 1154 1391 ejusdem
1170 1328 1302 1391 regni
1325 1328 1414 1387 sui,
1435 1338 1670 1392 quantum
1689 1330 1865 1394 potuit,

448 1407 675 1472 pepercit,
693 1422 962 1470 praecavens
987 1421 1070 1452 eos
1093 1404 1154 1451 ad
1177 1404 1508 1469 expeditiones
1526 1421 1634 1452 suas
1651 1404 1864 1467 bellicas,

446 1484 535 1530 nisi
565 1484 801 1531 rarissime
836 1493 883 1530 et
922 1499 1034 1530 cum
1068 1498 1240 1545 magna
1273 1493 1549 1547 perurgeret
1583 1483 1864 1541 necessitas,

448 1577 732 1610 convocare.
759 1560 1124 1625 Stipendiariam
1148 1559 1290 1605 etiam
1314 1576 1450 1606 suam
1472 1560 1718 1620 militiam,
1743 1569 1871 1625 post-

447 1655 594 1703 quam
616 1656 642 1686 a
675 1638 966 1686 Normannia
989 1647 1034 1684 et
1068 1637 1318 1700 Aquitania
1349 1637 1570 1701 Anglicos
1592 1637 1865 1702 expulerat,

449 1715 793 1763 humanissime
814 1725 861 1762 et
882 1731 992 1762 cum
1016 1730 1302 1777 magnorum
1329 1715 1624 1778 indulgentia
1649 1713 1869 1761 favorum

449 1795 601 1842 tenuit
623 1805 765 1858 atque
792 1793 909 1840 fovit
926 1829 938 1852 ,
966 1808 1215 1855 nunquam
1251 1801 1331 1838 aut
1353 1792 1623 1857 parcissime
1646 1807 1729 1838 eos
1752 1791 1870 1838 locis

377 1910 381 1917 .
451 1872 678 1932 educens,
701 1873 748 1918 in
773 1870 946 1935 quibus
966 1887 1053 1934 pro
1073 1870 1276 1916 statione
1300 1870 1441 1916 locati
1466 1870 1678 1916 fuissent.
1698 1873 1749 1916 ln
1769 1885 1868 1933 quo

454 1959 549 1996 tam
576 1948 947 2014 provincialibus
971 1948 1149 1995 eisdem
1177 1964 1320 2011 quam
1343 1949 1486 1995 etiam
1511 1947 1735 1994 militibus
1757 1963 1868 2011 par-

453 2026 606 2080 cebat,
628 2043 655 2072 a
674 2026 851 2090 „quibus
872 2025 996 2072 soliti
1015 2035 1120 2071 sunt
1143 2025 1472 2089 provinciales,
1490 2041 1601 2070 cum
1620 2022 1710 2069 hac
1726 2033 1869 2087 atque

454 2103 558 2150 illac
580 2103 839 2167 permutari
857 2102 929 2148 vel
946 2101 1220 2165 adequitare
1236 2110 1490 2163 coguntur,
1509 2099 1679 2146 multas
1698 2099 1868 2146 moles-

455 2181 542 2226 tias
564 2190 611 2226 et
631 2180 907 2243 gravamina
929 2180 1177 2225 sustinere.
1204 2180 1375 2241 Legem
1396 2178 1536 2224 etiam
1556 2177 1706 2223 sanxit
1727 2185 1869 2239 atque

455 2257 688 2320 quamdiu
706 2257 821 2303 vixit
839 2256 1082 2303 observari
1106 2255 1231 2315 fecit,
1252 2254 1401 2317 quod,
1423 2270 1510 2318 pro
1530 2253 1867 2301 communibus

456 2334 638 2380 delictis
660 2344 803 2397 atque
828 2333 1010 2396 injuriis
1035 2349 1139 2396 quae
1162 2332 1328 2379 armati
1352 2330 1505 2377 solent
1528 2330 1660 2378 facile
1687 2331 1732 2377 in
1759 2348 1868 2395 pro-

457 2410 678 2457 vinciales
707 2409 985 2466 admittere,
1013 2425 1094 2455 seu
1123 2409 1263 2455 etiam
1292 2408 1340 2453 in
1371 2407 1654 2471 pecuniariis
1684 2408 1863 2464 causis,

455 2496 730 2534 tenerentur
745 2502 906 2533 coram
925 2485 1165 2549 judicibus
1187 2484 1438 2531 ordinariis
1456 2486 1673 2531 locorum
1698 2485 1744 2532 in
1761 2485 1868 2549 jure

454 2564 773 2630 respondere;
801 2579 978 2626 eosque
1011 2562 1244 2627 puniendi
1276 2572 1321 2608 et
1356 2562 1631 2623 coercendi,
1663 2579 1752 2627 pro
1777 2562 1868 2609 cri-

453 2644 639 2690 minum
662 2658 744 2688 seu
768 2640 1053 2687 delictorum
1073 2639 1297 2702 qualitate
1315 2676 1326 2697 ,
1354 2657 1459 2703 quae
1481 2641 1528 2685 in
1559 2639 1870 2704 provinciales

452 2719 776 2780 admisissent,
817 2717 904 2782 ipsi
935 2716 1164 2764 ordinarii
1197 2717 1381 2780 judices
1413 2726 1684 2764 exercerent
1718 2726 1871 2781 potes-

455 2807 630 2858 tatem;
672 2796 732 2843 de
767 2793 1051 2842 militaribus
1084 2811 1201 2841 vero
1236 2794 1419 2841 delictis
1450 2811 1532 2842 seu
1569 2792 1865 2855 criminibus,
