2086 3528
751 365 896 409 LIBER
921 365 1149 413 QUINTUS.
1590 366 1667 404 275

246 460 294 509 et
322 448 778 509 multa'eorumdem
804 448 948 500 millia
971 464 1114 508 caesa,
1140 450 1320 497 caeteris
1342 450 1426 514 qui
1447 458 1671 515 poterant

247 529 359 594 fuga
386 527 578 594 elapsis,
602 527 651 575 in
683 542 777 591 qua
807 525 1082 591 principalis
1115 526 1330 591 profecto
1362 526 1577 591 ipsorum
1600 543 1672 575 ar-

248 615 435 668 matura
467 620 671 671 spesque
714 603 926 668 reposita
964 602 1232 656 videbatur.
1279 606 1423 665 Nam,
1456 606 1674 668 quamvis

165 692 168 695 “
248 684 368 744 alter
399 683 600 745 alterum
627 690 946 747 provocantes
977 690 1118 744 atque
1146 680 1453 734 cohortantes
1484 681 1546 732 ad
1573 699 1674 731 cer-

250 772 435 825 tamen,
471 771 700 824 tanquam
728 769 921 817 strenue
952 758 1221 813 dimicaturi
1246 776 1348 809 esse
1375 770 1673 826 putarentur,

250 839 478 900 audacter
520 838 727 898 exirent,
777 847 826 886 et
867 853 1020 903 usque
1066 837 1126 889 ad
1171 836 1332 887 locum
1382 838 1466 889 ubi
1509 839 1680 895 obvios

250 916 487 980 haherent
508 916 672 965 hostes
695 914 924 968 audacter
946 914 1282 980 procederent,
1306 924 1485 978 tamen,
1510 916 1592 966 ubi
1620 918 1681 965 ad

253 995 533 1054 conflictum
552 992 979 1057 dimicandumque
998 991 1298 1057 veniebatur,
1319 994 1536 1059 apprime
1553 1005 1682 1059 terga

253 1081 516 1134 vertentes,
554 1081 601 1120 et
635 1071 755 1120 alter
787 1087 931 1136 super
966 1071 1168 1123 alterum
1199 1072 1462 1124 acervatim
1493 1082 1686 1120 ruentes

255 1167 455 1216 seseque
495 1151 559 1210 ita
599 1149 912 1208 suffocantes,
956 1149 1017 1197 de
1060 1149 1192 1202 nulla
1239 1149 1542 1212 defensione,
1585 1152 1686 1199 sola

257 1238 456 1294 excepta
499 1227 634 1291 fuga,
682 1227 890 1291 cogitare
931 1226 1223 1277 videbantur
1244 1229 1272 1274 ¹.
1318 1227 1457 1275 Unde
1499 1238 1546 1276 et
1585 1229 1689 1295 pari

258 1305 436 1366 modo,
459 1305 597 1361 tertia
616 1304 746 1365 vice,
773 1303 902 1351 caesis
930 1320 1100 1357 eorum
1131 1303 1360 1357 militibus
1383 1304 1570 1365 multis,
1601 1307 1690 1354 fusi

259 1383 505 1448 fugatique
530 1383 722 1431 fuerunt
742 1385 772 1428 ¹.

325 1461 420 1509 Sed
441 1460 757 1508 nihilominus
782 1475 872 1506 nec
899 1459 965 1506 sic
987 1458 1256 1519 cessabant,
1279 1459 1341 1507 ad
1364 1477 1692 1526 quascumque

260 1540 395 1601 villas
433 1540 605 1601 furtive
643 1538 864 1603 clamque
897 1538 1148 1603 pervenire
1185 1539 1479 1604 potuissent,
1519 1541 1692 1606 praedis

261 1617 604 1683 bonorumque
658 1615 1007 1682 direptionibus
1055 1626 1200 1680 atque
1253 1616 1486 1668 incendiis
1530 1619 1695 1666 omnia

263 1695 506 1754 defoedare
522 1705 569 1744 et
585 1705 794 1755 vastare3
815 1694 989 1754 donec,
1004 1694 1288 1744 adveniente
1307 1704 1464 1743 aestate
1482 1697 1693 1744 secunda

263 1783 376 1840 post
420 1773 537 1826 dicti
573 1772 933 1827 inchoationem
967 1771 1107 1833 belli,
1153 1772 1318 1820 volens
1355 1773 1697 1822 illustrissimus

266 1851 346 1898 ille
377 1850 646 1916 Philippus,
685 1866 857 1897 eorum
895 1849 1149 1910 dominuS,
1175 1850 1354 1900 insanis
1390 1850 1586 1906 ausibus
1619 1868 1698 1898 eo-

267 1945 473 1994 rumque
503 1928 722 1978 amentiae
752 1937 932 1984 metam
965 1928 1214 1992 imponere
1233 1963 1246 1986 ,
1272 1929 1531 1976 contractis
1562 1923 1700 1976 undi-

268 2023 365 2073 que
388 2007 539 2071 copiis
561 2005 820 2070 validoque
850 2004 1055 2060 collecto
1085 2005 1319 2065 exercitu,
1346 2005 1408 2053 ad
1438 2022 1522 2053 eos
1554 2023 1699 2071 expu-

269 2084 488 2150 gnandos
511 2083 709 2150 propius
729 2083 958 2151 accedere
983 2083 1194 2133 decrevit
1214 2084 1244 2128 ³.
1269 2083 1516 2133 Tenebant
1537 2093 1697 2131 autem

269 2163 361 2229 ipsi
413 2161 695 2221 Gandenses
740 2170 871 2210 extra
915 2177 1054 2214 suum
1100 2160 1356 2227 oppidum>
1383 2161 1472 2211 tria
1515 2172 1699 2222 castra,

271 2257 479 2307 quorum
514 2257 666 2288 unum
696 2243 965 2305 Poucques,
1002 2239 1205 2293 alterum
1240 2239 1575 2300 Skendelbeke,
1607 2251 1701 2287 ter-

328 2396 367 2434 1.
397 2393 489 2442 Cela
509 2406 560 2437 ne
588 2392 783 2432 s’accorde
807 2406 877 2446 pas
902 2406 998 2437 avec
1024 2406 1069 2432 ce
1092 2405 1170 2444 que
1195 2392 1251 2432 dit
1271 2394 1435 2444 Jacques
1456 2392 1510 2431 du
1531 2393 1666 2444 Clercq
1690 2406 1698 2429 :

277 2471 296 2490 α
322 2457 397 2493 Les
425 2453 584 2492 Gantois
612 2453 797 2505 hayoient
828 2461 908 2492 tant
938 2453 974 2492 le
1002 2453 1078 2492 duc
1104 2462 1143 2491 et
1175 2453 1338 2492 estoient
1370 2463 1453 2493 tant
1483 2453 1651 2493 obstines
1682 2455 1702 2490 a

272 2513 311 2552 le
338 2513 451 2552 nuire
479 2521 518 2551 et
547 2513 643 2551 faire
678 2513 716 2551 la
745 2526 908 2566 guerre,
946 2527 1043 2564 que,
1077 2522 1200 2565 quant
1222 2513 1272 2551 ilz
1301 2513 1464 2552 estoient
1494 2513 1624 2565 prins,
1657 2512 1704 2549 ilz

273 2573 456 2615 aimoient
485 2572 632 2612 mieulx
661 2572 781 2624 qu’on
811 2573 867 2612 les
894 2572 1050 2625 pendist
1081 2586 1158 2624 que
1191 2572 1241 2611 de
1266 2573 1372 2625 prier
1398 2586 1530 2624 mercy
1560 2588 1567 2609 :
1599 2585 1705 2623 quoy

274 2633 416 2682 faisans
443 2646 495 2673 on
528 2633 613 2671 leur
638 2632 857 2686 respiteroit
887 2633 993 2683 leurs
1020 2633 1126 2683 vies;
1164 2633 1247 2681 ains
1282 2632 1558 2684 respondoient
1588 2631 1704 2683 qu'ilz

275 2694 495 2734 mouroient
512 2695 535 2731 a
551 2692 681 2732 bonne
702 2693 875 2744 querelle
894 2702 932 2732 et
952 2707 1103 2732 comme
1123 2702 1302 2745 martyrs.
1323 2709 1340 2726 »ι
1358 2694 1577 2739 Μέιηοίνεε,
1598 2692 1624 2731 l.
1644 2693 1681 2729 11
1694 2721 1704 2738 ,

277 2755 391 2807 chap.
411 2767 478 2793 xx.

331 2817 369 2862 2.
402 2816 438 2853 Α
456 2813 591 2860 Hulst,
613 2814 664 2852 29
680 2811 766 2863 juin
785 2815 905 2855 1452.

335 2875 372 2912 3.
403 2873 435 2912 ll
455 2873 573 2926 partit
590 2872 639 2912 de
658 2873 756 2922 Lille
775 2873 811 2912 le
832 2875 881 2911 18
897 2873 982 2923 juin
1003 2875 1121 2912 1453.
