2086 3528
473 313 548 350 320
854 312 1198 367 HISTORIARUM
1224 313 1405 352 CAROLI
1432 315 1501 352 VII

471 397 577 442 tatis
610 396 793 442 ratione
819 395 1041 450 subnixa,
1077 399 1193 455 Quae
1227 413 1309 444 rex
1349 397 1475 444 idem
1509 412 1595 461 per
1627 397 1886 446 nonnullos

468 473 687 539 praelatos
705 483 753 519 et
778 472 976 520 clericos
997 474 1130 538 regni
1155 473 1452 522 fidelissimos
1475 475 1756 539 intelligens,
1784 475 1888 541 qui-

467 549 557 597 bus
585 549 741 596 omnis
776 550 1054 615 temporalis
1089 546 1288 598 honoris
1318 550 1500 615 fastigio
1535 562 1678 617 atque
1712 551 1886 618 opibus

467 629 862 694 quantiscumque
903 628 1094 676 charior
1133 639 1276 694 atque
1310 629 1511 695 primior
1551 640 1652 678 erat
1684 630 1882 690 veritas,

464 706 584 754 fides
606 717 653 755 et
672 707 875 771 justitia,
904 707 1136 770 aliorum,
1174 708 1259 772 qui
1279 708 1528 774 cupiditati
1562 719 1704 774 atque
1739 698 1888 756 ambi-

462 788 583 835 tioni
624 788 968 849 inserviebant,
994 745 1162 854 spretis
1200 788 1541 854 opinionibus,
1575 789 1886 837 libentissime

462 869 565 934 ipsa
585 869 898 917 sacratissima
918 879 1060 933 atque
1087 869 1400 918 saluberrima
1422 869 1613 918 decreta
1638 869 1884 918 observari

462 962 652 1011 semper
680 946 940 994 mandabat
961 957 1008 994 et
1033 946 1234 994 faciebat
1266 946 1497 1012 quamdiu
1527 947 1722 995 viveret.
1762 947 1885 1004 Quia

462 1040 578 1071 vero
591 1024 761 1072 eadem
778 1025 966 1072 decreta
983 1041 1082 1071 non
1099 1035 1341 1085 recusant,
1360 1024 1641 1072 vacantibus
1657 1022 1880 1087 ecclesiis,

461 1120 547 1168 per
560 1121 692 1168 reges
705 1113 751 1150 et
763 1103 1002 1169 principes
1015 1104 1119 1151 fieri
1139 1103 1426 1151 electoribus
1442 1119 1607 1168 preces
1619 1119 1710 1168 pro
1726 1101 1883 1168 dignis

461 1191 507 1228 et
538 1181 722 1229 idoneis
752 1182 968 1247 personis
999 1182 1180 1247 absque
1210 1182 1305 1229 ulla
1329 1182 1670 1247 impressione,
1699 1180 1884 1246 quoties

460 1268 652 1322 rogatus
680 1258 741 1306 ab
776 1258 1012 1323 aliquibus
1042 1275 1131 1323 pro
1163 1258 1324 1323 aliquo
1360 1275 1443 1306 rex
1475 1259 1576 1324 ipse
1606 1256 1886 1307 rescriberet

461 1353 545 1383 seu
560 1346 749 1399 rogaret
760 1374 772 1396 ,
794 1337 859 1384 ita
875 1353 983 1384 suas
1000 1336 1224 1402 epistolas
1241 1338 1499 1384 verborum
1518 1333 1885 1383 mansuetudine

461 1431 517 1462 ac
545 1415 875 1463 moderamine
904 1415 1232 1480 temperabat,
1262 1426 1314 1462 ut
1344 1431 1445 1461 non
1475 1413 1590 1461 alias
1616 1430 1726 1460 eum
1743 1450 1756 1475 ,
1793 1429 1880 1479 pro

461 1510 559 1558 quo
584 1492 822 1540 scribebat
840 1531 853 1555 ,
878 1493 999 1540 velle
1028 1493 1135 1557 eligi
1174 1493 1460 1558 exprimeret
1477 1528 1489 1552 ,
1526 1492 1618 1539 nisi
1650 1500 1884 1556 quatenus

460 1573 688 1620 electores
708 1573 865 1637 ipsum
901 1571 1134 1619 idoneum
1165 1581 1307 1636 atque
1338 1571 1504 1619 utilem
1526 1569 1744 1618 Ecclesiae
1764 1569 1880 1630 Dei,

460 1649 725 1697 secundum
764 1648 1078 1696 conscientias
1111 1665 1243 1710 suas,
1281 1648 1495 1695 futurum
1521 1664 1621 1695 esse
1657 1662 1883 1711 agnosce·

459 1737 583 1774 rent.
609 1730 779 1790 Magna
809 1726 1024 1791 profecto
1050 1725 1344 1785 moderatio,
1375 1736 1422 1773 et
1460 1725 1704 1789 majestate
1737 1721 1882 1789 digna

455 1805 697 1869 regnantis
722 1815 864 1869 atque
888 1804 1022 1850 omni
1046 1802 1188 1850 laude
1211 1813 1258 1850 et
1278 1800 1572 1850 imitatione!

522 1886 645 1931 Cum
667 1899 799 1943 vero,
830 1881 991 1947 [circa]
1018 1891 1208 1947 tempus
1234 1898 1333 1946 quo
1356 1881 1419 1928 ad
1441 1880 1619 1945 Anglos
1639 1878 1881 1946 expellen-

457 1961 546 2009 dos
565 1962 625 2008 de
649 1961 942 2008 Normannia
967 1976 1102 2007 arma
1125 1961 1225 2024 ipse
1246 1976 1329 2007 rex
1357 1969 1704 2025 assumpserat,
1736 1958 1879 2005 vecti-

456 2039 593 2104 galia,
623 2049 819 2105 propter
841 2055 1067 2102 magnam
1097 2038 1256 2084 adhuc
1275 2038 1411 2100 regni
1429 2037 1807 2084 devastationem
1833 2045 1879 2082 et

453 2128 803 2183 paupertatem,
827 2117 887 2164 ad
913 2126 1066 2164 tantas
1089 2116 1345 2181 impensas,
1371 2131 1490 2180 quas
1509 2114 1614 2161 talis
1639 2111 1878 2178 expeditio

453 2195 767 2261 exposcebat,
794 2195 992 2241 minime
1018 2193 1233 2240 sufficere
1261 2209 1400 2258 posse
1432 2190 1779 2250 invenirentur,
1815 2186 1877 2236 ab

455 2289 552 2320 uno
575 2274 769 2338 praelato
796 2273 929 2335 regni
952 2281 1224 2335 suggestum
1245 2269 1335 2316 sibi
1356 2280 1471 2316 tunc
1491 2268 1633 2315 fuisse
1652 2267 1880 2331 cognovi·

454 2367 560 2398 mus
577 2386 589 2410 ,
614 2360 667 2396 ut
695 2349 1063 2396 subventionem
1087 2347 1148 2394 ab
1170 2346 1495 2394 ecclesiasticis
1518 2355 1566 2392 et
1589 2343 1718 2392 clero
1744 2344 1879 2408 regni

452 2430 526 2476 sui
548 2428 751 2492 exigeret
770 2463 781 2486 ,
808 2425 870 2472 ad
898 2425 1221 2490 supplendum
1244 2423 1405 2489 quod,
1431 2422 1492 2470 ad
1516 2432 1656 2470 tantae
1678 2422 1747 2470 rei
1767 2438 1875 2469 mo-

453 2507 547 2554 lem
582 2503 952 2572 perficiendam,
991 2502 1107 2549 fisco
1139 2501 1334 2567 publico
1371 2500 1611 2547 deficeret.
1649 2499 1743 2546 Sed
1776 2499 1878 2564 ipse

452 2601 553 2645 rex,
581 2584 689 2648 pius
723 2591 769 2629 et
799 2580 1123 2628 ecclesiasticae
1145 2579 1375 2627 libertatis
1405 2587 1621 2638 amator,
1660 2575 1877 2641 apprime

449 2659 785 2725 hujuscemodi
818 2656 1018 2706 verbum
1046 2674 1074 2704 a
1101 2655 1328 2722 pontifice
1362 2654 1679 2703 ecclesiastico
1717 2653 1877 2718 prola-

450 2750 554 2786 tum
583 2738 802 2804 repressit
823 2753 878 2784 ac
901 2734 1070 2783 refellit
1086 2772 1098 2796 ,
1126 2735 1289 2782 dicens
1318 2733 1408 2781 sibi
1442 2733 1523 2780 tali
1545 2731 1760 2780 subsidio
1786 2731 1873 2778 mi-

450 2819 579 2865 nime
623 2833 744 2881 opus
787 2831 912 2875 esse,
951 2830 1061 2862 cum
1105 2823 1221 2860 tunc
1255 2812 1459 2859 maxime
1495 2810 1660 2858 divino
1695 2809 1872 2858 auxilio
