2086 3528
747 361 895 398 LIBER
921 362 1122 403 PRIMUS.
1592 364 1642 401 39

297 446 657 503 Verumtamen,
689 443 809 490 sicut
840 460 898 490 ex
922 443 1328 492 Aurelianensium
1358 443 1495 491 ducis
1526 461 1644 492 nece

227 538 370 587 supra
396 522 659 579 retulimus,
687 521 755 568 sic
787 537 844 568 ex
868 521 957 569 ista
975 522 1184 570 maxima
1209 522 1259 569 in
1282 522 1476 586 regione
1501 525 1645 570 Fran-

227 592 396 647 corum
428 600 637 648 turbatio
669 609 716 648 et
755 599 1040 648 detrimenta
1084 611 1438 666 provenerunt,
1474 618 1644 667 quem·

226 675 492 725 admodum
513 687 568 724 ut
590 694 646 724 ex
663 677 786 725 infra
801 678 1017 725 dicendis
1041 678 1226 743 liquido
1246 678 1513 744 apparebit.
1536 679 1648 727 Phi-

226 755 383 822 lippus
414 772 614 821 nempe,
646 755 770 804 filius
793 756 913 820 ejus,
942 757 1014 804 vir
1044 757 1208 821 utique
1238 758 1400 821 magni
1428 758 1576 805 animi
1602 768 1649 806 et

227 834 275 880 in
299 832 459 898 rebus,
486 843 589 880 tum
607 833 749 893 belli,
776 843 879 881 tum
901 835 1031 899 pacis
1047 874 1060 893 ,
1083 834 1474 883 administrandis
1496 846 1545 883 et
1569 853 1650 900 ge-

227 911 386 960 rendis
408 912 668 961 industrius
683 950 695 973 ,
721 923 820 961 tam
839 912 1083 961 crudelem
1106 929 1275 961 necem
1298 915 1445 980 patris
1469 924 1516 962 et
1537 915 1652 963 cha-

226 990 397 1038 rissimi
419 992 647 1056 genitoris
669 992 741 1038 sui
770 992 912 1038 nimis
936 991 1131 1055 indigne
1157 991 1339 1052 ferens,
1362 991 1424 1040 ad
1446 1009 1553 1040 eam
1577 993 1652 1040 ul-

225 1069 495 1118 ciscendam
525 1070 838 1118 vehementer
876 1070 1093 1118 animum
1119 1070 1349 1128 intendit,
1390 1087 1440 1118 se
1479 1071 1654 1135 Anglo·

226 1164 331 1195 rum
361 1149 457 1213 regi
491 1148 724 1214 copulans
751 1157 799 1195 et
828 1147 1007 1195 foedere
1033 1147 1307 1195 firmissimo
1337 1148 1651 1210 devinciens¹‚

223 1225 336 1273 licet
362 1226 423 1273 ad
453 1243 621 1274 verum
651 1237 838 1274 constet
865 1227 932 1274 eis
954 1244 1207 1292 nunquam
1230 1237 1361 1276 tanta
1384 1229 1654 1294 praestitisse

225 1304 397 1352 auxilia
412 1305 640 1353 adversus
659 1309 886 1367 FrancOS‚
906 1315 1084 1370 quanta
1102 1306 1235 1355 facile
1252 1307 1499 1372 potuisset.
1526 1309 1653 1366 Con-

226 1391 297 1429 tra
327 1399 412 1430 eos
433 1393 596 1431 tamen
620 1400 721 1431 non
743 1383 894 1431 modo
920 1383 1038 1430 fines
1065 1400 1178 1430 suos
1198 1393 1389 1432 strenue
1413 1384 1650 1446 defendit,

227 1477 394 1508 verum
417 1462 561 1509 etiam
591 1478 730 1525 agros
751 1472 798 1509 et
819 1471 967 1509 terras
991 1478 1189 1509 suorum
1213 1462 1520 1510 inimicorum
1550 1480 1656 1527 gra-

229 1537 366 1586 vibus
387 1555 510 1605 soepe
534 1539 832 1587 detrimentis
849 1549 994 1605 atque
1013 1539 1203 1587 damnis
1226 1539 1399 1588 affecit.

293 1616 458 1680 Unde,
491 1635 603 1665 cum
626 1618 772 1665 duces
795 1617 1018 1666 nonnulli
1041 1634 1153 1664 cum
1177 1633 1354 1681 magno
1378 1619 1569 1682 agmine
1601 1618 1657 1665 il-

225 1693 384 1742 lorum
422 1696 504 1760 qui
536 1697 803 1744 Armeniaci
843 1695 1147 1754 dicebantur,
1187 1696 1395 1760 aggressi
1420 1695 1655 1761 populare

227 1783 373 1821 terras
390 1790 518 1834 suaS,
540 1773 602 1821 ad
627 1774 894 1822 Picardiam
916 1783 1178 1833 venerunt,
1206 1791 1359 1840 prope
1383 1774 1546 1822 villam
1569 1787 1655 1823 seu

227 1853 462 1919 oppidum
493 1853 934 1913 Sancti-Richarii’,
956 1853 1237 1901 conflictum
1269 1853 1381 1900 satis
1413 1853 1656 1918 periculo-

227 1947 335 1978 sum
358 1931 543 1979 habuit.
569 1932 714 1996 Cujus
735 1932 847 1980 licet
868 1933 1004 1980 initio
1030 1931 1283 1995 ambiguus
1306 1941 1352 1978 et
1374 1947 1551 1997 anceps
1581 1931 1658 1978 fu-

228 2019 364 2057 turus
400 2009 644 2057 videretur
680 2010 859 2071 exitus,
895 2027 1026 2057 nunc
1051 2026 1170 2066 una,
1205 2025 1335 2056 nunc
1369 2009 1517 2057 altera
1547 2027 1657 2076 par—

228 2088 348 2136 tium
382 2088 590 2136 vicissim
620 2088 841 2137 hostibus
874 2089 1045 2137 cedere
1082 2086 1445 2154 incipientibus,
1481 2088 1531 2135 in
1562 2087 1658 2135 fine

229 2174 409 2225 tamen,
437 2182 550 2213 cum
573 2166 685 2214 satis
704 2183 881 2230 magno
906 2166 1122 2213 hostium
1145 2165 1345 2226 damno,
1373 2165 1529 2213 victor
1551 2182 1660 2213 eva-

230 2243 315 2306 sit,
350 2244 529 2291 eisdem
552 2245 728 2310 partim
767 2245 923 2304 caesis,
952 2244 1127 2310 partim
1157 2243 1271 2290 susis
1294 2253 1341 2291 et
1367 2242 1456 2290 sibi
1477 2261 1564 2308 per
1587 2243 1659 2290 fu-

231 2337 338 2387 gam
384 2322 700 2369 necessariam
745 2322 1129 2370 consulentibus.
1176 2324 1439 2385 Ferturque
1486 2321 1534 2368 in
1577 2320 1660 2368 illo

231 2400 400 2465 proelio
426 2399 561 2448 miles
581 2400 793 2460 effectus,
821 2418 934 2448 cum
954 2401 1139 2466 primus
1162 2399 1240 2447 ille
1264 2400 1518 2447 conflictus
1540 2400 1662 2447 foret

231 2478 281 2525 in
305 2494 403 2542 quo
425 2488 664 2525 armatum
685 2495 797 2525 eum
817 2478 1086 2526 interfuisse
1111 2477 1424 2542 contigisset³.

291 2578 327 2614 1.
358 2575 452 2614 Voir
472 2575 528 2614 les
547 2585 686 2614 termes
709 2576 910 2616 furibonds
930 2576 978 2615 de
1005 2589 1049 2615 ce
1067 2576 1178 2615 traite
1199 2578 1265 2624 (25
1295 2574 1501 2614 decembre
1526 2577 1663 2624 1419),

234 2636 435 2688 rapportes
463 2649 512 2674 en
535 2636 656 2688 partie
676 2636 829 2689 d’apres
854 2637 1048 2689 l’original
1080 2637 1147 2676 des
1178 2637 1354 2676 archives
1373 2636 1421 2675 de
1441 2636 1538 2675 Lille
1555 2665 1566 2683 ‚
1594 2649 1666 2688 par

235 2699 288 2735 M.
313 2698 475 2747 Kervyn
494 2696 542 2734 de
562 2697 818 2746 Lettenliove,
835 2702 1004 2737 Histoire
1015 2700 1064 2735 de
1079 2700 1261 2746 Flandre,
1278 2698 1304 2737 l.
1331 2699 1415 2736 XV.

290 2758 329 2794 2.
361 2756 519 2794 Bataille
540 2756 588 2794 de
608 2756 914 2809 Saint-Riquier,
939 2758 976 2796 le
997 2758 1159 2806 31aout
1183 2759 1302 2796 ¹421.

292 2818 329 2853 3.
361 2817 412 2854 Ce
451 2815 690 2867 paragraphe
728 2825 785 2855 est
821 2818 947 2856 insere
984 2817 1080 2855 dans
1110 2816 1166 2856 les
1195 2820 1364 2855 Annales
1399 2817 1589 2855 Flandrc'oe
1619 2815 1667 2855 de

237 2878 386 2927 Meyer,
408 2876 434 2914 l.
456 2878 560 2915 XVI.
