2086 3528
742 321 887 358 LIBER
913 319 1156 367 QUARTUS.
1571 318 1647 354 ΞΠ

242 414 494 470 caeptarum
512 403 705 451 feliciter
722 402 974 450 adversum
989 401 1205 466 Anglicos
1223 416 1383 447 rerum
1403 400 1649 464 exquirere

241 482 557 547 amplectique
579 482 908 529 decreverunt.
942 480 1012 528 Ad
1038 481 1168 545 ipsos
1190 489 1351 527 autem
1372 495 1430 526 ex
1452 477 1650 525 diversis

245 559 547 608 Normanniae
573 557 910 624 oppitspfclam
940 557 1096 607 nuntii
1119 556 1279 622 plures
1301 554 1647 615 adventabant,

240 634 540 701 pollicentes,
569 652 625 683 ex
646 651 815 682 eorum
837 652 866 684 a
900 634 1075 700 quibus
1106 633 1416 681 mittebantur
1448 632 1653 680 nomini-

241 713 357 774 bus,
394 713 575 778 absque
613 713 841 761 dilatione
879 713 981 760 fieri
1015 712 1233 760 locorum
1271 711 1539 759 deditiones
1572 710 1593 774 (
1601 719 1655 757 ut

242 792 444 845 Cadomi
469 802 516 840 et
537 790 746 851 Falesiae,
779 790 1219 854 nonnullorumque
1242 789 1498 852 aliorum),
1524 789 1563 835 si
1593 788 1655 835 ad

242 870 438 918 eosdem
469 870 701 917 exercitus
729 869 807 917 ille
841 869 995 932 regius
1026 867 1319 915 adventaret.
1347 866 1656 914 Verissimum

241 951 374 1005 enim
387 949 503 998 illud
520 966 621 998 esse
639 949 1007 997 Ciceronianum
1024 957 1126 994 tum
1149 945 1521 994 luculentissime
1538 960 1654 991 con·

242 1027 421 1089 stabat,
450 1027 584 1092 quod
620 1046 643 1071 (ι
669 1026 801 1074 nulla
821 1026 893 1074 vis
915 1034 1048 1073 tanta
1077 1033 1147 1071 est
1169 1023 1355 1089 imperii
1380 1039 1484 1087 quae
1500 1058 1513 1082 ,
1549 1037 1656 1086 pre-

243 1116 404 1155 mente
439 1115 596 1165 metu,
634 1106 784 1170 possit
817 1120 918 1154 esse
949 1103 1193 1151 diuturna.
1224 1122 1246 1145 »
1275 1100 1440 1159 Unde,
1467 1115 1579 1146 cum
1602 1113 1657 1145 ea

243 1200 340 1249 qua
385 1184 744 1248 conquisierant
784 1182 832 1229 vi
866 1181 1003 1245 Angli
1033 1179 1337 1228 Normanniae
1372 1177 1656 1242 imperium,

244 1272 374 1311 metu
383 1263 527 1310 etiam
537 1262 813 1327 gravissimo
824 1259 1188 1326 provincialium
1199 1258 1384 1306 animos
1391 1263 1655 1321 premente,

243 1340 534 1400 tenuissent,
561 1340 718 1387 statim
741 1338 827 1386 ubi
849 1346 1069 1403 apertum
1087 1338 1191 1394 iter,
1214 1351 1312 1400 quo
1335 1334 1467 1382 illam
1489 1332 1660 1380 duram

246 1427 400 1466 metus
421 1427 562 1480 atque
577 1417 813 1464 violentiae
834 1415 1107 1464 servitutem
1129 1413 1414 1477 abrumpere
1438 1418 1656 1476 possent,

244 1495 570 1560 inspexerunt,
588 1494 765 1542 alacres
777 1493 924 1542 veluti
944 1491 1149 1540 naturali
1169 1490 1381 1554 quodam
1393 1497 1531 1536 motu
1547 1487 1657 1542 acti,

245 1571 458 1620 naturale
488 1582 536 1620 et
556 1572 931 1620 vetustissimum
955 1581 1113 1629 terrae,
1140 1572 1433 1616 Francorum
1459 1565 1658 1623 scilicet,

246 1650 503 1716 imperium
519 1688 532 1712 ,
590 1667 692 1697 non
733 1649 882 1697 modo
924 1648 1161 1714 recipere,
1210 1646 1294 1693 sed
1335 1644 1573 1693 advocare
1616 1653 1664 1690 et

246 1727 509 1779 adsciscere
542 1727 869 1786 conabantur,
906 1742 1104 1791 seseque
1139 1724 1201 1772 ad
1244 1722 1396 1784 illud,
1434 1731 1664 1786 tanquam

246 1805 310 1854 ad
345 1806 572 1854 naturalis
609 1806 780 1871 quietis
814 1805 999 1866 locum,
1038 1802 1292 1851 transferre
1319 1799 1659 1867 properabant.

249 1883 523 1948 Adaugebat
544 1886 595 1931 in
620 1885 687 1931 eis
709 1884 758 1931 id
787 1882 1025 1931 efficiendi
1046 1880 1335 1929 desiderium
1357 1878 1661 1936 existimatio,

248 1978 394 2026 quam
408 1979 544 2028 paene
558 1963 689 2028 apud
704 1978 872 2010 omnes
894 1961 1090 2027 publica
1110 1959 1499 2007 disseminaverat
1521 1957 1662 2014 sama,

250 2041 383 2105 quod
410 2044 704 2090 Francorum
725 2058 808 2089 rex
830 2039 921 2088 sibi
951 2040 1169 2087 subditos
1194 2039 1243 2086 in
1266 2039 1396 2086 bona
1417 2037 1599 2102 justitia
1621 2047 1668 2084 et

249 2117 467 2167 libertate
489 2130 818 2180 conservaret,
852 2135 1058 2183 suosque
1081 2118 1252 2165 milites
1275 2133 1304 2164 a
1323 2117 1500 2182 rapinis
1524 2125 1667 2179 atque

250 2196 433 2259 injuriis
473 2198 841 2262 provincialium
881 2195 1176 2244 severissime
1219 2203 1476 2242 coerceret.
1523 2193 1666 2251 Quod

254 2273 438 2322 utinam
469 2276 624 2340 reipsa
654 2276 719 2324 ita
744 2283 1046 2340 compertum
1077 2272 1438 2336 exhibitumque
1475 2271 1664 2331 fuisset,

252 2359 437 2416 quanta,
453 2353 514 2400 de
535 2353 631 2401 hoc
652 2353 937 2417 vulgabatur
966 2353 1132 2418 opinio
1147 2390 1159 2413 ,
1185 2351 1561 2417 pollicitatioque
1585 2350 1668 2396 fie-

254 2428 337 2477 bat
358 2430 419 2478 ab
444 2431 500 2478 iis
522 2433 604 2496 qui
626 2433 752 2479 vices
770 2432 922 2496 regias
943 2428 1284 2496 praeferebant!

320 2508 439 2553 Cum
466 2508 608 2571 igitur
636 2509 751 2557 dicti
774 2509 992 2556 antistitis
1021 2524 1165 2573 super
1189 2507 1284 2554 hoc
1307 2523 1335 2554 a
1357 2505 1560 2571 praefatis
1579 2503 1672 2550 du-

255 2583 389 2631 cibus
407 2596 704 2650 expeteretur
717 2587 987 2647 consilium,
1004 2603 1084 2646 an,
1100 2584 1384 2634 vocantibus
1397 2581 1593 2631 eosdem
1610 2580 1671 2627 de

257 2665 492 2727 praedictis
511 2667 701 2731 oppidis
726 2666 960 2714 inferioris
982 2666 1285 2714 Normanniae
1298 2663 1666 2728 acquiescentes,

257 2743 338 2789 illo
388 2745 648 2791 exercitum
688 2744 1040 2806 admoverent,
1061 2744 1190 2791 idem
1236 2743 1513 2808 episcopus,
1561 2739 1672 2785 licet

258 2821 411 2885 prima
444 2820 559 2868 facie
595 2821 896 2887 profuturum
935 2823 1081 2884 magis
1109 2820 1286 2868 civitati
1321 2836 1415 2866 suae
1442 2818 1492 2865 id
1514 2818 1670 2883 ipsum
