2086 3528
652 429 654 431 >
681 400 828 437 LIBER
853 398 1122 439 SECUNDUS.
1567 401 1618 439 55

208 485 385 551 potuit3
405 483 489 533 sed
506 483 648 532 rebus
671 499 804 548 paene
822 483 1082 548 desperatis
1106 499 1379 543 occurrens,
1396 482 1617 548 reliquias

207 573 499 612 armatorum
514 599 526 623 ,
554 561 637 626 qui
668 561 759 608 fusi
781 559 1076 626 dispersique
1099 571 1208 627 post
1233 560 1448 627 praelium
1475 576 1617 626 vaga-

206 639 399 702 bantur,
426 639 628 704 collegit,
654 654 831 702 eosque
860 638 1134 686 consolatus
1156 648 1203 686 et
1223 640 1271 686 in
1295 638 1513 686 debitum
1537 655 1617 686 or-

207 718 370 766 dinem
396 717 641 782 redigens,
668 717 714 763 in
742 716 970 782 praesidiis
991 716 1212 764 locorum
1240 716 1413 781 quibus
1436 717 1620 782 pericu-

207 795 307 843 lum
331 796 482 859 majus
503 793 784 841 imminebat
797 830 810 854 ,
832 793 1113 854 collocavit,
1135 803 1280 859 prout
1301 794 1620 859 opportunius

207 873 472 935 videbatur,
492 890 554 921 ne
573 873 851 921 excursione
875 871 1086 919 hostium
1107 881 1216 936 post
1231 881 1413 919 tantam
1434 871 1621 919 calami-

207 961 352 1000 tatem
368 961 545 999 caeterae
570 951 781 999 civitates
807 959 853 997 et
867 950 972 996 loca
991 949 1052 996 ad
1071 948 1234 996 hostes
1256 949 1488 996 exterritae
1504 948 1621 995 defi-

206 1039 397 1092 cerent,
427 1040 475 1077 et
509 1047 595 1095 per
622 1029 718 1076 hoc
748 1027 1025 1075 incendium
1048 1027 1235 1090 longius
1269 1026 1505 1091 latiusque
1529 1043 1619 1075 va-

207 1117 412 1172 garetur.
450 1107 643 1154 Munitis
687 1106 828 1170 igitur
875 1104 1292 1171 principalioribus
1327 1104 1445 1151 locis
1460 1141 1472 1165 ,
1514 1121 1621 1168 quae

206 1183 466 1249 Anglorum
481 1183 695 1232 terminis
711 1183 941 1230 viciniora
956 1192 1004 1230 et
1027 1181 1247 1247 ampliori
1264 1181 1477 1245 subjecta
1496 1182 1621 1247 peri-

206 1263 316 1311 culo
338 1263 646 1329 putabantur,
670 1261 902 1309 industria
920 1270 968 1308 et
986 1260 1151 1308 labore
1173 1259 1384 1325 praedicti
1403 1260 1616 1319 Joannis,

205 1341 288 1405 qui
319 1350 423 1388 tum
456 1338 708 1387 Bastardus
745 1337 1088 1386 Aurelianensis
1131 1336 1392 1384 vocabatur
1425 1337 1622 1401 (postea

207 1434 322 1466 vero
354 1434 383 1465 a
409 1434 519 1481 rege
550 1433 637 1482 pro
668 1416 763 1463 suis
800 1416 996 1480 egregiis
1035 1414 1288 1463 virtutibus
1319 1425 1617 1475 muneratus,

206 1494 487 1542 comitatum
522 1497 797 1541 Dunensem
825 1494 874 1540 in
910 1493 1190 1540 Carnotensi
1202 1495 1231 1552 ¹,
1269 1502 1316 1540 et
1342 1492 1622 1539 comitatum

208 1583 370 1639 postea
397 1572 459 1619 de
493 1571 766 1635 Longavilla
800 1571 847 1618 in
889 1570 1257 1635 Rhotomagensi
1304 1570 1614 1629 dioecesibus,

207 1650 458 1715 obtinuit),
485 1650 705 1697 effectum
724 1659 794 1697 est
815 1659 869 1696 ut
891 1666 990 1696 non
1017 1649 1150 1696 facile
1172 1649 1308 1713 Angli
1329 1648 1378 1695 in
1399 1647 1623 1696 ulteriora

206 1737 454 1794 penetrare
466 1736 743 1792 potuerunt,
761 1726 1068 1790 resti-ictaque
1081 1726 1156 1774 via
1169 1741 1280 1789 qua,
1297 1725 1388 1772 nisi
1402 1741 1459 1772 eo
1473 1725 1622 1772 modo

206 1805 451 1872 provisum
497 1805 656 1852 fuisset
672 1843 684 1866 ,
732 1820 881 1870 parvo
921 1805 1114 1868 negotio
1157 1813 1205 1852 et
1239 1803 1419 1868 absque
1457 1802 1623 1853 labore

207 1899 382 1947 magno
397 1920 410 1944 ,
442 1883 490 1929 in
512 1883 749 1931 anteriora
776 1899 875 1930 sese
901 1882 1154 1930 extendere
1177 1891 1225 1929 et
1246 1881 1443 1929 dilatare
1465 1882 1621 1930 statim

206 1961 488 2026 potuissent.
802 1955 805 1958 ⁴

274 2041 380 2085 Non
407 2047 567 2086 tamen
599 2038 883 2103 quieverunt
912 2037 1091 2102 Anglici
1123 2037 1212 2103 ipsi
1245 2047 1388 2102 atque
1412 2040 1625 2102 Burgun-

209 2117 377 2164 diones
405 2117 519 2180 quin
555 2116 740 2164 assidue
763 2120 1057 2164 Francorum
1080 2126 1227 2163 terras
1257 2132 1312 2163 ac
1335 2116 1625 2163 munitiones

209 2194 538 2260 pervaderent,
564 2194 745 2259 aliquas
761 2194 1005 2242 interdum
1029 2194 1076 2241 vi
1093 2204 1140 2241 et
1155 2194 1315 2255 armis,
1343 2193 1525 2258 aliquas
1539 2210 1626 2258 per

209 2270 403 2318 insidias
422 2281 504 2319 aut
519 2281 779 2318 nocturnas
795 2271 1132 2318 inscalationes
1146 2280 1193 2318 et
1212 2286 1463 2317 murorum
1478 2279 1628 2317 trans-

211 2349 455 2397 censiones
469 2387 481 2410 ,
505 2349 804 2413 subjiciendo
821 2368 833 2408 ;
859 2349 994 2413 quod
1010 2365 1109 2396 non
1129 2349 1273 2396 etiam
1291 2347 1580 2396 dissimiliter
1601 2365 1627 2395 e

212 2427 401 2479 diverso
423 2428 589 2474 Franci
612 2428 659 2474 in
685 2427 966 2491 Anglorum,
992 2428 1142 2474 immo
1161 2427 1318 2474 verius
1342 2443 1450 2474 suas
1468 2427 1627 2474 muni-

215 2506 392 2564 tiones,
419 2504 725 2553 factitabant:
751 2522 862 2553 cum
893 2505 1159 2570 agminibus
1187 2515 1479 2552 armatorum
1498 2520 1629 2551 nunc

214 2599 344 2644 suos,
370 2598 500 2629 nunc
521 2581 732 2629 hostium
760 2599 914 2646 agrOS,
934 2592 1092 2648 partes
1117 2592 1327 2647 utraeque
1345 2581 1630 2648 populantes

268 2711 307 2747 1.
339 2713 394 2748 Le
413 2709 537 2748 comte
556 2709 602 2747 de
614 2709 761 2748 Dunois
779 2710 834 2748 lui
852 2710 909 2749 sut
928 2710 1055 2749 donne
1075 2723 1123 2748 en
1143 2711 1260 2757 1439,
1279 2722 1358 2747 non
1375 2708 1493 2761 parle
1514 2706 1588 2754 roi,
1609 2708 1632 2744 a

218 2767 284 2819 qui
314 2781 356 2810 ce
391 2781 486 2820 pays
515 2769 796 2820 n'appartenait
824 2783 909 2822 pas,
940 2770 1035 2809 mais
1058 2769 1153 2809 bien
1171 2783 1242 2822 par
1264 2783 1335 2808 son
1362 2769 1479 2815 frere,
1502 2767 1539 2806 le
1558 2766 1634 2805 duc

220 2828 436 2867 d’Orleans.
469 2830 595 2877 Quant
623 2841 672 2866 au
699 2829 823 2867 comte
842 2829 890 2867 de
906 2830 1174 2881 Longueville,
1194 2830 1221 2868 il
1248 2829 1285 2867 le
1308 2836 1415 2879 recut
1432 2826 1635 2867 effective-

217 2895 323 2926 ment
341 2887 389 2926 de
405 2887 446 2925 la
465 2887 716 2926 munificence
735 2887 789 2927 du
807 2888 866 2928 roi
883 2902 931 2928 en
951 2891 1069 2927 1443.
