2086 3528
523 346 602 383 240
920 343 1266 383 HISTORIARUM
1293 344 1475 382 CAROLI
1503 346 1575 383 VII

523 426 721 474 cineres.
750 429 803 472 In
825 425 1117 472 monasterio
1141 442 1257 474 vero
1277 428 1437 475 Sancti
1458 426 1708 493 Stephani¹
1726 435 1773 474 et
1790 425 1946 490 burgo

524 502 760 567 adjacenti
785 502 915 566 (licet
937 501 1111 550 domos
1133 504 1351 551 omnium
1374 521 1510 569 paene
1530 503 1942 563 suburbanorum,

524 597 630 645 quae
652 580 952 645 amplissimae
975 590 1023 628 et
1042 581 1305 645 magnificae
1329 581 1539 644 fuerant,
1564 592 1735 648 praeter
1757 598 1948 630 monas-

524 658 641 705 teria
668 668 715 705 et
739 658 983 721 ecclesias,
1010 659 1297 706 exussissent
1319 659 1455 724 Angli
1482 660 1599 708 dum
1625 660 1715 708 sibi
1732 659 1951 709 viderent

524 736 830 785 obsidionem
869 736 1167 802 imminere),
1208 747 1362 785 castra
1392 738 1631 787 locaverat
1659 739 1761 803 jam
1794 737 1949 786 dictus

523 833 685 863 comes
709 815 1063 864 Richemundiae
1079 852 1091 876 ‚
1117 814 1523 876 constabularius,
1549 815 1733 864 habens
1760 833 1816 864 ex
1849 815 1949 863 Bri-

524 893 718 941 tonibus
749 904 797 942 et
830 894 1001 942 francis
1031 893 1282 958 sagittariis
1312 910 1537 958 magnam
1559 904 1607 942 et
1628 893 1838 943 validam
1860 893 1950 942 mi·

523 972 692 1020 litiam.

589 1054 659 1099 Ita
696 1050 932 1117 oppidum
950 1047 1021 1098 ex
1060 1050 1194 1098 omni
1233 1060 1369 1116 parte
1405 1049 1659 1098 obsidione
1698 1050 1944 1099 vallatum.

523 1130 697 1178 Mirum
720 1147 836 1177 vero
875 1140 976 1177 erat
999 1140 1046 1177 et
1077 1130 1378 1177 horrendum
1401 1130 1637 1196 inspicere
1657 1129 1951 1179 bombardas

522 1226 608 1257 seu
631 1209 858 1274 petrarias
886 1209 1093 1273 ingentis
1118 1208 1461 1273 magnitudinis
1478 1244 1491 1269 ‚
1519 1225 1632 1257 cum
1665 1208 1767 1256 aliis
1790 1209 1949 1257 mino-

522 1286 655 1334 ribus
673 1285 1018 1334 bombardellis
1034 1303 1169 1352 paene
1192 1286 1458 1333 innumeris
1472 1322 1484 1346 ‚
1506 1285 1683 1351 quibus
1702 1285 1764 1334 ad
1783 1285 1951 1352 oppidi

521 1365 928 1430 expugnationem
952 1381 1006 1412 ex
1033 1365 1167 1412 omni
1191 1364 1339 1412 ferme
1371 1373 1506 1430 parte
1528 1365 1686 1430 ipsum
1715 1364 1952 1431 oppidum

521 1443 735 1491 cinctum
757 1453 857 1492 erat
872 1463 885 1506 3
912 1459 1025 1491 nam
1042 1442 1104 1490 de
1120 1442 1383 1508 majoribus
1400 1443 1568 1506 viginti
1584 1452 1792 1507 quatuor
1811 1443 1952 1491 fuisse

521 1521 809 1581 referuntur,
828 1523 876 1569 in
894 1538 1102 1588 quarum
1114 1521 1457 1570 nonnullarum
1476 1520 1789 1569 foraminibus
1799 1520 1951 1569 homo

521 1600 693 1648 sedens
729 1601 889 1662 facile,
931 1600 1115 1648 cervice
1153 1610 1335 1660 erecta,
1374 1609 1498 1647 stare
1537 1599 1787 1665 potuisset.
1833 1601 1952 1658 Quae

520 1679 632 1727 licet
647 1678 816 1727 omnes
838 1680 935 1726 sitae
954 1690 997 1727 et
1023 1689 1198 1745 paratae
1216 1678 1278 1725 ad
1291 1677 1536 1743 jaciendas
1554 1688 1712 1743 petras
1732 1677 1949 1740 fuissent,

520 1758 663 1805 unius
686 1767 845 1805 tamen
870 1758 1015 1805 solius
1044 1757 1199 1821 J'actus
1233 1757 1299 1804 ita
1323 1755 1544 1804 obsessos
1567 1755 1821 1817 exterruit,
1849 1771 1952 1803 me-

520 1836 690 1883 tientes
714 1853 770 1882 ex
795 1835 989 1882 modico
1020 1834 1162 1899 quale
1199 1835 1468 1901 periculum
1507 1835 1574 1882 eis
1611 1833 1948 1901 impendebat,

519 1912 559 1959 si
581 1913 760 1977 pariter
783 1913 961 1960 moenia
981 1922 1028 1960 et
1064 1923 1215 1960 turres
1239 1930 1293 1960 ex
1317 1912 1546 1960 omnibus
1572 1929 1807 1977 percussae
1838 1911 1951 1961 fuis-

519 1999 658 2049 sent,
696 1999 750 2036 ut
780 1990 938 2039 statim
974 1989 1192 2037 inducias
1220 2000 1439 2055 peterent
1472 1989 1535 2038 ad
1572 1989 1853 2037 habendum
1889 1988 1951 2037 de

520 2065 766 2115 deditione
804 2068 1104 2131 colloquium
1134 2078 1182 2115 et
1224 2078 1495 2116 tractatum.
1544 2071 1602 2116 Et
1643 2067 1722 2116 ille
1752 2067 1950 2132 quidem

496 2142 799 2193 bombardae
839 2147 994 2210 jactus
1011 2184 1023 2208 ,
1065 2155 1236 2211 praeter
1277 2146 1459 2194 ducum
1494 2145 1884 2211 dispositionem,
1922 2162 1951 2194 a

519 2224 745 2287 magistro
773 2223 1054 2271 bombardae
1078 2224 1229 2271 factus
1253 2223 1422 2271 fuerat.
1449 2226 1558 2271 Erat
1575 2223 1847 2273 bombarda
1862 2223 1950 2272 sita

518 2317 671 2366 prope
696 2300 875 2348 vallum
892 2340 904 2363 ,
933 2319 991 2348 ex
1016 2302 1239 2349 inferiore
1261 2312 1394 2366 parte
1417 2301 1684 2350 suburbani
1705 2311 1949 2350 monaste·

518 2378 577 2424 rii
620 2380 801 2425 Sanctae
832 2379 1100 2438 Trinitatis,
1135 2378 1197 2425 ad
1233 2378 1469 2426 directum
1501 2379 1599 2426 sive
1638 2388 1950 2444 prospectum

520 2454 770 2519 cujusdam
790 2457 959 2516 turris,
982 2457 1030 2503 in
1051 2455 1291 2503 moenibus
1314 2456 1500 2522 oppidi.
1526 2459 1620 2504 Pro
1644 2457 1947 2504 munimento

519 2533 570 2579 in
602 2550 657 2581 ea
694 2534 811 2580 turri
849 2543 985 2581 erant
1015 2544 1223 2598 quatuor
1256 2543 1339 2581 aut
1376 2534 1590 2599 quinque
1624 2534 1804 2598 Anglici
1835 2548 1948 2582 cum

520 2611 766 2659 nonnullis
788 2611 927 2660 fatuis
943 2612 1201 2676 juvenibus
1223 2612 1283 2660 de
1306 2613 1513 2678 oppido,
1541 2614 1624 2679 qui
1653 2614 1875 2662 convitiis
1901 2623 1949 2662 et

520 2690 710 2755 probris
727 2691 904 2756 jugiter
924 2691 1354 2756 Rothomagenses,
1379 2692 1462 2756 qui
1481 2692 1541 2740 ad
1565 2692 1833 2741 custodiam
1850 2691 1948 2741 illic

574 2864 613 2902 1.
642 2861 839 2915 L'abbaye
859 2862 908 2902 de
929 2855 1242 2917 saint-Eumne,
1260 2862 1363 2902 alors
1379 2861 1473 2903 hors
1491 2862 1559 2904 des
1574 2876 1681 2904 murs
1703 2862 1752 2904 de
1773 2865 1889 2906 Caen.
