2086 3528
721 321 867 367 unm
891 321 1134 369 QUARTUS.
1561 319 1651 369 ἰτς

233 405 396 464 turbas
420 405 765 465 intestinosque
786 416 844 449 ac
866 400 1157 453 ’domesticos
1187 411 1346 455 motus
1383 410 1431 455 et
1457 402 1653 458 seditio-2

235 501 339 544 nes,
363 499 468 548 quae
485 481 620 538 facile
643 478 822 533 aboriri
840 488 1054 544 possent.
1079 482 1185 533 Non
1206 480 1536 544 negaverimus
1550 483 1655 546 qui-

235 561 347 619 dem
381 561 495 618 talia
525 559 801 623 contingere
821 574 992 622 posse,
1019 558 1369 622 contigisseque
1391 558 1649 617 interdum.

209 632 212 640 '
231 639 331 697 Sed
344 638 428 695 uhi
442 647 571 694 tanta
585 635 811 693 naturalis
823 635 990 688 militia
999 635 1097 701 regi
1109 651 1355 700 regnoque
1364 635 1412 689 in
1425 649 1653 703 promptu

236 733 426 782 semper
459 715 593 771 adest
610 751 624 774 ‚
649 724 697 763 et
723 712 881 767 adhuc
911 712 1046 767 facile
1061 750 1074 774 ‚
1100 713 1283 776 ,absque
1313 729 1487 778 magno
1522 718 1656 781 regni

238 810 412 857 onem,
449 794 659 860 paratior
686 802 833 858 atque
859 791 1124 857 expeditior
1157 791 1281 845 effici.
1310 793 1458 857 possit
1482 811 1572 842 nec
1603 796 1653 845 in

237 870 397 937 aliquo
432 872 592 926 minus
616 886 763 935 quam
790 868 1082 925 conductitia
1114 867 1279 923 militia
1297 904 1310 928 ‚
1346 871 1383 921 si
1407 871 1551 918 semel
1573 881 1657 924 aut

237 949 331 1011 hig,
353 948 430 1005 vel
455 948 596 1003 etiam
632 947 810 1016 plurIes
839 945 1056 1011 quolibet
1078 961 1231 1004 anno,
1258 962 1345 1011 per
1366 945 1581 999 ballivias,
1610 958 1656 996 et

238 1027 544 1085 §wewaloias
561 1064 574 1086 ,
606 1017 656 1081 in
680 1026 823 1080 armis
855 1035 903 1081 et
931 1026 1066 1090 equis
1092 1041 1193 1079 sese
1215 1025 1468 1077 ostendere
1490 1043 1655 1075 coram

239 1105 378 1154 certis
402 1104 740 1152 commissariis
773 1113 1078 1167 cogerentur,
1119 1119 1218 1154 non
1255 1112 1413 1168 potest
1443 1114 1572 1157 recte
1609 1115 1656 1155 et

173 1189 188 1198 ”
234 1182 439 1247 juridice
471 1181 663 1237 defendi
703 1181 821 1246 quin
860 1189 992 1236 tanta
1031 1179 1197 1232 militia
1235 1179 1369 1228 facile
1400 1181 1462 1234 ad
1496 1183 1657 1230 omnia

240 1260 454 1317 cavenda
477 1260 690 1327 pericula
707 1297 719 1320 ,
746 1260 843 1309 sive
873 1259 934 1306 de
957 1259 1070 1313 foris
1093 1268 1140 1306 et
1161 1257 1222 1307 ab
1252 1260 1449 1323 exteris.
1477 1261 1574 1308 sive
1597 1261 1658 1308 ab

240 1339 469 1393 intraneis
491 1347 752 1403 emergant,
772 1337 943 1389 merito
962 1335 1177 1390 sufficere
1190 1337 1339 1402 possit
1355 1347 1402 1385 et
1424 1337 1611 1386 debeat.

307 1415 575 1481 Aliquando
596 1453 608 1476 ,
647 1416 816 1476 fateor,
852 1413 1086 1469 nonnulla
1119 1415 1373 1468 necessitas
1404 1414 1516 1476 fuit,
1549 1433 1659 1467 cum

242 1510 414 1559 magna
441 1494 703 1549 nobilitatis
727 1511 782 1541 ac
807 1492 1033 1546 naturalis
1057 1492 1188 1555 regni
1214 1492 1391 1542 militiae
1425 1493 1586 1558 portio
1609 1494 1660 1544 in

241 1572 379 1629 bellis
390 1572 651 1633 cecidisset,
675 1560 721 1619 et
740 1571 903 1619 hostes
930 1585 1153 1632 magnam
1167 1577 1353 1634 partem
1372 1582 1663 1633 occuparent

242 1651 393 1716 regni,
413 1660 466 1698 ut
487 1650 623 1703 miles
638 1648 963 1701 conductitius
986 1646 1047 1700 ad
1070 1646 1226 1712 lapsas
1248 1663 1324 1698 res
1346 1647 1661 1697 restituendas

244 1738 291 1782 et
312 1727 644 1783 instaurandas
665 1718 942 1786 haberetur,
971 1741 1082 1777 cum
1106 1734 1153 1775 et
1171 1723 1394 1773 nobilitas
1416 1723 1660 1772 debilitata

245 1816 293 1862 et,
308 1805 632 1871 depauperata
656 1805 920 1871 plurimum
936 1813 1075 1865 esset,
1099 1819 1189 1850 nec
1210 1819 1401 1867 aequum
1424 1801 1663 1853 videretur

246 1883 397 1948 ipsam
419 1883 480 1938 ad
501 1883 782 1938 continuam
797 1891 1085 1934 castrensem
1101 1880 1457 1945 expeditionem
1478 1879 1664 1928 assidue

246 1963 408 2015 vocari
427 1972 570 2032 atque
594 1962 802 2014 retineri.
829 1960 923 2008 Sed
944 1977 1056 2012 cum
1075 1960 1178 2024 jam'
1198 1959 1302 2018 diu,
1327 1959 1538 2008 donante
1558 1975 1666 2021 gra-

247 2040 312 2093 tia
345 2041 460 2099 Dei,
491 2040 628 2104 ejecti
662 2041 755 2088 sint
782 2039 968 2100 hosteS‚
1009 2048 1057 2091 et
1090 2047 1246 2086 totum
1278 2037 1411 2102 quod
1438 2037 1489 2086 in
1516 2054 1665 2100 regno

247 2127 499 2173 tenuerant
540 2119 602 2172 ab
643 2119 756 2184 ipsis
797 2126 1132 2182 recuperatum
1169 2126 1217 2163 et
1257 2124 1502 2180 receptum
1517 2149 1530 2172 ,
1568 2131 1667 2163 uno

250 2197 355 2249 solo
377 2197 575 2263 dempto
599 2196 781 2263 oppido
804 2195 972 2244 Calesii
994 2194 1148 2260 (quod
1166 2230 1178 2254 ,
1205 2195 1564 2260 comparatione
1586 2195 1668 2240 vi÷

251 2275 377 2330 rium
399 2276 534 2339 regni
550 2313 563 2338 ,
594 2291 684 2340 pro
709 2274 858 2325 nihilo
885 2291 1039 2340 prope
1061 2272 1336 2324 ducendum
1361 2272 1459 2333 est)
1483 2309 1494 2331 ,
1525 2288 1668 2321 causa

252 2362 464 2407 cessante
490 2353 557 2400 oh
586 2369 733 2418 quam
760 2351 839 2400 ille
861 2362 977 2402 tunc
1002 2351 1324 2401 conductitius
1346 2351 1481 2398 miles
1503 2366 1668 2399 neces-

255 2431 404 2485 sarius
424 2430 512 2480 fuit
532 2439 614 2483 aut
638 2431 764 2482 utilis
781 2466 793 2490 ‚
824 2429 942 2495 quid
970 2446 1103 2478 nunc
1139 2445 1262 2494 opus
1296 2438 1367 2476 est
1397 2438 1583 2477 tantum
1614 2443 1669 2475 ac

256 2519 354 2556 tam
376 2525 686 2558 numerosum
706 2507 1038 2572 hujuscemodi
1060 2506 1363 2556 conductitiae
1382 2506 1557 2555 militiae
1578 2522 1668 2553 nu-

257 2602 444 2637 merum
465 2585 674 2647 retineri,
696 2596 903 2649 quantus
922 2595 1022 2634 erat
1039 2593 1236 2648 urgente
1256 2583 1531 2633 necessitate
1551 2599 1669 2631 con-

259 2663 447 2711 stitutus
458 2699 470 2723 ‚
487 2662 605 2709 dum
624 2663 800 2710 scilicet
811 2662 972 2711 hostes
986 2662 1143 2710 adhuc
1156 2678 1351 2725 magnas
1367 2659 1670 2711 etlatissimas

260 2742 312 2791 in
339 2757 488 2805 regno
525 2740 794 2805 provincias
821 2740 1111 2799 retinerent?
1139 2739 1395 2803 objectum
1415 2737 1545 2784 enim
1572 2735 1669 2782 du-

260 2817 453 2868 biorum
489 2817 874 2882 incertorumque
905 2816 1228 2881 periculorum
1251 2854 1265 2877 ,
1293 2830 1502 2880 quorum
1533 2830 1670 2865 casus
