2086 3528
490 360 540 398 12
871 357 1217 396 HISTORIARUM
1247 356 1428 394 CAROLI
1458 356 1523 393 VII

489 447 686 508 prorsus
708 441 994 488 exstinctum
1014 439 1091 499 sit,
1113 438 1198 486 sed
1220 455 1355 486 more
1371 437 1536 502 hydrae
1552 438 1910 502 serpentis‚uno

489 519 673 566 succiso
690 517 867 583 capite,
889 515 980 563 alia
993 526 1320 576 renascantur,
1337 525 1401 574 et,
1428 514 1590 563 avulsa
1612 531 1710 562 una
1729 513 1907 575 radice,

489 596 649 644 adhuc
683 612 738 642 ex
777 603 937 641 vetere
966 594 1206 641 malorum
1228 593 1550 641 nefandorum
1572 593 1747 640 iterum
1769 602 1912 657 atque

490 689 616 720 nova
638 671 860 737 pestifera
879 687 1011 735 seges
1030 670 1276 734 exsurgit¹.

557 753 706 796 Porro
731 748 876 796 duces
904 747 1314 795 Aurelianensium
1335 748 1570 814 partium,
1600 747 1683 811 qui
1703 745 1794 795 sub
1818 761 1912 794 no-

491 827 621 875 mine
643 827 774 891 regio
798 825 1090 884 militabant,
1106 841 1223 889 quas
1238 835 1501 891 potuerunt
1526 825 1670 872 urbes
1692 834 1739 872 et
1759 833 1913 873 turres

491 905 767 953 munierunt
789 915 932 968 atque
954 912 1215 951 tenuerunt
1229 940 1241 963 ,
1264 919 1324 950 ne
1344 903 1404 951 ad
1428 913 1586 969 partes
1613 893 1914 968 Burgundio-

491 1000 607 1031 num
628 982 906 1030 deficerent.
925 981 1047 1029 Alias
1062 997 1176 1028 vero
1194 997 1298 1044 quae
1318 980 1642 1039 suasionibus,
1659 996 1778 1044 quas
1795 996 1914 1046 prae-
1939 1008 1946 1015 ·

491 1058 727 1118 misimus,
759 1068 807 1105 et
830 1056 1226 1104 machinamentis
1254 1055 1316 1103 ad
1339 1071 1418 1103 eas
1441 1065 1597 1122 partes
1618 1064 1913 1103 accesserant

491 1145 538 1182 et
570 1151 743 1199 magna
774 1133 1025 1182 affectione
1058 1132 1388 1193 adhaerebant,
1420 1146 1668 1180 armorum
1699 1131 1915 1198 potentia

421 1224 424 1228 '
490 1212 718 1260 edomare
740 1221 882 1275 atque
910 1227 1190 1276 recuperare
1212 1210 1516 1258 studuerunt.
1543 1212 1602 1257 Et
1622 1211 1785 1276 plures
1807 1210 1915 1274 qui-

491 1290 603 1338 dem
634 1291 685 1336 in
708 1290 846 1355 plaga
867 1289 1098 1336 Occitana
1130 1305 1282 1354 parvo
1306 1289 1503 1352 negotio
1535 1289 1586 1335 in
1617 1287 1914 1336 deditionem

490 1377 795 1434 receperunt,
820 1367 896 1415 vel
922 1367 1075 1435 'etiam
1097 1376 1520 1432 expugnaverunt3
1548 1366 1756 1431 aliquas?
1771 1383 1911 1427 vero,

490 1446 567 1493 vel
601 1446 782 1510 majore
810 1445 1103 1511 populorum
1128 1445 1396 1509 frequentia
1416 1444 1631 1505 refertas,
1655 1443 1733 1493 vel
1755 1443 1818 1492 ad
1838 1461 1916 1492 re-

489 1524 754 1571 sistendum
771 1523 974 1571 validius
1003 1533 1049 1571 et
1069 1523 1314 1571 robustius
1345 1523 1690 1583 communitas,
1716 1523 1916 1572 minime

492 1610 789 1667 receperunt.
819 1603 993 1664 Regem
1013 1611 1173 1648 autem
1196 1602 1352 1666 ipsum
1367 1639 1379 1663 ,
1403 1618 1548 1666 quem
1569 1601 1744 1648 mentis
1766 1601 1918 1667 impo-

490 1689 589 1727 tem
628 1690 674 1727 et
712 1679 970 1745 prudentia
1005 1689 1239 1727 exsortem
1283 1679 1459 1727 factum
1503 1679 1644 1726 fuisse
1679 1678 1912 1737 diximus,

430 1816 433 1819 Ι
490 1774 604 1804 cum
627 1757 834 1805 exercitu
855 1756 1165 1816 validissimo,
1186 1757 1442 1804 contractis
1459 1756 1606 1803 totius
1627 1773 1763 1821 paene
1781 1756 1917 1821 regni

489 1835 693 1898 viribus,
714 1844 824 1882 ante
845 1834 1123 1882 Atrebatum
1144 1834 1383 1881 duxerunt
1404 1834 1509 1898 (qui
1527 1834 1577 1881 in
1599 1834 1806 1882 exercitu
1827 1850 1916 1895 suo

490 1923 685 1960 centum
716 1921 1011 1960 armatorum
1036 1911 1183 1959 millia
1208 1922 1310 1958 tum
1340 1911 1566 1959 asseritur
1587 1910 1853 1974 habuisse),
1869 1921 1918 1959 et

490 1989 557 2038 ibi
588 2008 674 2056 per
696 1991 880 2054 aliquot
906 1989 1238 2037 hebdomadas
1270 2000 1424 2037 castra
1452 1989 1618 2036 metati
1639 1997 1768 2036 sunt.
1794 1990 1915 2036 Cum

490 2085 605 2117 vero
644 2069 771 2116 cives
797 2085 883 2133 per
906 2068 1127 2127 nuntios,
1151 2084 1274 2131 quos
1298 2067 1359 2114 ad
1394 2083 1554 2130 regem
1585 2065 1912 2127 destinarunt,

490 2146 830 2214 profiterentur
852 2146 1090 2193 civitatem
1112 2144 1242 2191 illam
1273 2144 1364 2191 sibi
1396 2143 1589 2191 fidelem
1623 2152 1768 2207 atque
1798 2143 1917 2191 obe-

490 2225 704 2274 dientem
730 2241 857 2282 esse,
884 2223 1098 2287 nihilque
1130 2222 1322 2270 subesse
1356 2239 1509 2270 causae
1544 2231 1742 2288 propter
1771 2238 1917 2286 quam

490 2321 591 2366 eos,
608 2303 805 2351 minime
818 2302 908 2349 sibi
925 2302 1240 2361 adversarios,
1254 2301 1397 2348 armis
1410 2301 1640 2366 impetere
1651 2299 1912 2360 debuisset,

491 2381 806 2430 obtinuerunt
828 2390 882 2428 ut
903 2397 985 2427 rex
999 2416 1011 2440 ,
1035 2380 1190 2427 soluta
1210 2377 1486 2438 obsidione,
1516 2376 1827 2425 discederet⁸.

545 2537 584 2573 1.
615 2532 704 2572 Ceci
723 2546 746 2572 a
765 2532 826 2571 ete
845 2532 940 2571 ecrit
956 2544 1005 2570 en
1025 2533 1144 2570 1471.

546 2595 587 2633 2.
615 2592 745 2631 Plutot
763 2595 876 2631 allas.

547 2657 585 2693 3.
610 2657 664 2693 Le
682 2652 788 2706 siege
805 2653 962 2691 d'Arras
993 2661 1059 2691 eut
1088 2651 1167 2690 lieu
1194 2663 1243 2689 en
1264 2652 1366 2688 1414
1385 2650 1498 2702 apres
1518 2649 1554 2688 le
1585 2662 1648 2688 sac
1673 2648 1722 2688 de
1742 2647 1916 2688 Soissons

492 2714 674 2767 rapporte
692 2713 788 2752 dans
807 2713 843 2752 le
858 2712 1030 2765 chapitre
1043 2711 1109 2763 qui
1125 2711 1212 2750 suit.
1229 2713 1284 2749 Le
1303 2710 1413 2748 traite
1427 2709 1568 2761 auquel
1590 2709 1758 2748 l'auteur
1779 2706 1848 2746 fait
1866 2706 1915 2746 ici

494 2778 658 2817 allusion
673 2808 684 2827 ,
706 2786 763 2816 est
784 2776 879 2816 dans
898 2775 1136 2824 Monstrelet,
1160 2774 1188 2812 l.
1212 2776 1245 2822 I,
1267 2787 1301 2811 c.
1326 2774 1418 2811 134.
