2086 3528
543 353 620 391 284
922 352 1263 391 HISTORIARUM
1291 352 1471 390 CAROLI
1499 352 1569 389 VII

542 436 756 502 profecto
784 423 958 484 mirum
993 435 1044 483 id
1065 435 1215 483 videri
1238 435 1407 497 debet,
1444 451 1555 482 cum
1591 430 1744 482 multo
1779 432 1959 498 maj0ra
1985 458 1990 462 ¹

543 524 590 561 et
618 515 855 563 deteriora
891 514 1024 561 omni
1058 513 1198 560 statui
1235 512 1489 560 hominum
1521 512 1593 560 sui
1623 510 1954 577 delphinatus,

545 603 641 639 tam
679 593 983 640 ecclesiarum
1018 592 1220 656 praelatis
1256 607 1399 655 quam
1439 588 1684 638 nobilibus
1718 589 1880 654 patriae
1914 600 1961 637 et

545 669 766 735 plebeiis,
796 671 971 718 damna
1000 669 1225 716 intulerit.
1267 668 1485 715 Praelatos
1521 668 1677 728 enim,
1710 666 1959 731 quondam

544 748 786 794 civitatum
808 758 855 794 et
877 758 1111 795 terrarum
1133 762 1327 793 suarum
1351 745 1600 806 dominOS,
1626 755 1672 792 et
1690 745 1775 810 qui
1797 746 1846 792 in
1869 745 1960 793 eis-

543 825 654 871 dem
684 835 730 871 et
752 826 936 889 magnis
961 825 1207 872 territoriis
1230 824 1561 871 omnimodam
1577 823 1958 887 jurisdictionem

541 901 810 961 habebant,
851 904 947 950 suis
989 903 1214 950 dominiis
1257 912 1303 949 et
1344 901 1756 965 jurisdictionibus
1773 906 1776 909 ⁴
1795 902 1872 949 vel
1911 902 1960 948 in

542 988 644 1026 toto
674 978 747 1026 vel
779 981 828 1027 in
852 991 986 1045 parte
1008 980 1240 1045 privavit,
1273 978 1361 1026 sibi
1389 978 1492 1025 fieri
1529 977 1635 1025 illos
1667 977 1886 1026 subditos
1915 988 1963 1026 et

542 1057 766 1105 vassallos
790 1058 1105 1123 compellens,
1133 1074 1343 1122 quorum
1368 1057 1440 1103 sui
1462 1055 1831 1121 praedqcessores
1851 1056 1963 1104 sub-

543 1133 630 1180 diti
652 1145 699 1181 et
721 1134 906 1182 vassalli
929 1151 1029 1182 esse
1053 1143 1425 1195 consueverant,
1453 1143 1500 1180 et
1513 1133 1620 1196 jure
1641 1133 1743 1198 ipse
1767 1132 1962 1182 debuis-

542 1222 627 1259 set.
665 1212 856 1259 Nobiles
889 1213 1051 1278 patriae
1087 1213 1137 1259 in
1160 1212 1304 1260 armis
1327 1221 1371 1259 et
1393 1211 1552 1276 equis,
1581 1212 1799 1274 quamvis
1830 1211 1962 1260 nulla

543 1290 590 1336 id
614 1300 893 1355 exposceret
914 1291 1167 1338 necessitas
1203 1290 1434 1337 utilitasve
1455 1298 1665 1352 urgeret,
1690 1306 1814 1354 saepe
1836 1289 1964 1337 velut

544 1369 605 1415 ad
625 1370 978 1434 expeditionem
999 1369 1220 1416 bellicam
1242 1383 1515 1415 convocans
1529 1403 1541 1427 ,
1571 1376 1670 1414 tam
1694 1367 1966 1431 frequenter

545 1446 784 1510 fatigabat,
813 1457 866 1494 ut
883 1446 1064 1494 nedum
1084 1463 1271 1494 annuos
1292 1462 1404 1492 suos
1422 1455 1686 1510 proventus
1708 1461 1763 1492 ac
1785 1444 1964 1492 reditus

544 1542 849 1584 consumere,
876 1542 1043 1572 verum
1074 1524 1215 1572 etiam
1252 1523 1494 1570 interdum
1528 1519 1816 1588 patrimonia
1847 1539 1958 1584 sua,

545 1604 621 1650 vel
654 1605 929 1669 portionem
953 1620 1088 1651 suam
1112 1602 1322 1667 aliquam
1340 1639 1351 1660 ,
1378 1602 1427 1648 in
1458 1600 1739 1665 hujusmodi
1766 1601 1964 1648 servitiis

546 1682 796 1730 absumere
819 1694 866 1729 et
889 1682 1150 1729 distrahere
1168 1690 1470 1745 cogerentur.
1498 1679 1627 1737 Quid
1646 1695 1759 1726 vero
1781 1679 1843 1726 de
1859 1679 1964 1744 ple-

545 1759 688 1806 bibus
713 1760 885 1822 dicam,
914 1776 1049 1825 quas,
1079 1776 1188 1806 cum
1216 1768 1326 1805 ante
1357 1774 1442 1805 sua
1462 1767 1682 1822 tempora
1706 1774 1733 1805 a
1755 1757 1965 1814 talliis-et

545 1839 755 1886 collectis
793 1840 1066 1902 caeterisque
1105 1836 1392 1884 immanibus
1423 1836 1754 1897 servitutibus,
1789 1836 1964 1902 quibus

545 1933 744 1979 regnum
785 1920 1076 1963 Francorum
1098 1915 1237 1980 (heus
1266 1914 1391 1981 proh
1419 1912 1610 1978 dolor!)
1649 1913 1878 1962 serviliter
1910 1915 1960 1972 in

544 1995 832 2041 immensum
857 1993 1162 2059 opprimitur,
1189 1992 1349 2040 liberae
1373 2009 1472 2039 esse
1496 1992 1871 2050 consuevissent,
1898 1991 1963 2039 ita

546 2083 597 2119 ut
621 2073 773 2137 patria
796 2074 896 2138 ipsa
921 2073 1034 2119 olim
1059 2073 1124 2119 sic
1142 2071 1292 2118 libera
1306 2081 1353 2118 et
1374 2070 1624 2136 opulenta,
1651 2069 1777 2117 velut
1793 2069 1963 2118 hortus

544 2151 740 2214 quidam
765 2151 1039 2198 deliciarum
1067 2149 1290 2196 omnibus
1308 2165 1393 2214 per
1409 2164 1514 2195 eam
1531 2146 1960 2213 peregrinantibus,

543 2227 753 2292 plurium
789 2228 986 2275 aliarum
1022 2226 1408 2291 comparatione,
1453 2241 1552 2272 esse
1588 2233 1873 2289 putaretur,
1911 2225 1960 2272 in

544 2315 725 2351 tantam
748 2306 929 2368 redegit
948 2305 1240 2362 servitutem,
1270 2313 1322 2350 ut
1346 2304 1446 2366 jam
1468 2320 1566 2350 non
1592 2302 1859 2350 absimilem
1880 2319 1955 2350 ca-

543 2383 804 2430 lamitatem
824 2383 1058 2430 talliarum
1084 2391 1456 2443 caeterarumque
1478 2380 1784 2427 exactionum
1803 2378 1962 2427 subire

543 2460 776 2522 habeant,
819 2477 965 2525 quam
1011 2459 1273 2506 miserrime
1312 2458 1561 2523 patiuntur
1594 2458 1746 2505 caeteri
1795 2457 1963 2523 populi

545 2538 829 2598 Galliarum,
858 2538 941 2602 qui
963 2536 1051 2584 sub
1082 2536 1283 2601 imperio
1313 2551 1369 2582 ac
1400 2535 1582 2583 ditione
1611 2535 1732 2600 regis
1754 2538 1962 2584 Franco·

545 2633 652 2663 rum
671 2614 867 2679 degunt.
1201 2615 1203 2619 ’

611 2693 704 2740 Sed
727 2703 771 2740 et
794 2693 895 2757 ipse
917 2690 1209 2751 Ludovicus,
1233 2688 1337 2753 qui,
1365 2689 1494 2736 velut
1515 2706 1542 2737 a
1567 2699 1737 2737 natura
1759 2703 1960 2754 pravum

545 2773 593 2819 in
613 2780 857 2836 parentem
876 2782 1138 2832 omnesque
1152 2767 1372 2814 homines
1389 2768 1602 2814 animum
1623 2783 1812 2831 gerens,
1832 2781 1962 2813 eum-

546 2850 655 2898 dem
689 2847 985 2897 dissimulare
1007 2863 1105 2895 non
1133 2846 1312 2913 potuit,
1341 2845 1622 2912 [sat]agebat
1656 2846 1704 2894 in
1739 2845 1841 2894 dies
1876 2844 1962 2894 mi-
