2086 3528
488 380 538 417 48
866 379 1210 417 HISTORIARUM
1238 378 1420 416 CAROLI
1448 378 1518 414 VII

962 584 1304 630 CAPITULUM
1334 586 1411 630 111.

695 725 746 758 De
763 724 856 759 bello
873 723 968 772 apud
987 724 1199 759 Vernolium
1214 724 1305 759 inter
1322 725 1476 760 Francos
1493 734 1527 761 et
1544 726 1691 774 Anglos.

547 846 669 893 Illud
703 863 819 894 vero
857 846 1314 912 praetermittendum
1350 863 1449 895 non
1486 858 1555 895 est
1596 847 1753 911 quod,
1790 865 1902 896 cum

483 924 620 988 Angli
638 934 847 972 castrum
869 924 930 971 de
955 926 1120 984 Iveri¹‚
1139 925 1189 971 in
1211 924 1487 972 Ebroicensi
1517 925 1733 988 dioecesi,
1762 926 1901 975 obse-

482 1002 685 1063 dissent,
713 1013 759 1050 et
785 1003 951 1050 Franci
983 1018 1177 1066 magnas
1205 1001 1419 1066 undique
1445 1004 1789 1051 contraxissent
1821 1021 1901 1052 co-

479 1080 580 1145 pias
604 1079 665 1127 ad
696 1079 1007 1146 praebendum
1039 1079 1242 1127 obsessis
1271 1079 1491 1127 solatium
1522 1090 1569 1128 et
1596 1080 1899 1129 obsidionem

478 1167 693 1204 tenentes
715 1157 1055 1205 debellandum
1069 1195 1080 1214 ,
1109 1157 1396 1204 divertentes
1415 1174 1577 1205 versus
1591 1159 1895 1221 Vernolium,

480 1235 715 1300 oppidum
745 1236 919 1300 ipsum,
959 1235 1088 1300 quod
1126 1251 1212 1300 per
1238 1235 1435 1298 aliquod
1461 1235 1561 1298 jam
1591 1245 1779 1301 tempus
1808 1235 1899 1283 sub

484 1312 739 1376 Anglorum
766 1322 956 1360 steterat
976 1313 1200 1378 imperio,
1232 1322 1515 1378 receperunt
1538 1323 1584 1359 et
1607 1330 1718 1379 cum
1739 1313 1899 1361 multis

479 1400 773 1436 armatorum
789 1389 998 1437 millibus
1024 1386 1337 1455 occuparu‘nt.
1364 1388 1507 1448 Quod
1530 1406 1640 1436 cum
1662 1388 1797 1454 Angli
1823 1389 1897 1437 in-

478 1466 781 1529 tellexissent,
804 1484 939 1514 suam
956 1467 1191 1515 solventes
1211 1466 1512 1514 obsidionem
1528 1505 1540 1528 ‚
1564 1468 1661 1515 suis
1683 1467 1898 1533 ,undique

478 1543 686 1591 collectis
710 1543 962 1605 militibus,
995 1544 1185 1592 adscitis
1219 1545 1361 1592 etiam
1389 1544 1632 1592 nobilibus
1655 1547 1899 1593 Normana

477 1623 592 1682 niae,
616 1622 678 1670 ad
702 1623 858 1687 ipsum
883 1623 1096 1670 Vernolii
1119 1624 1279 1670 locum
1299 1623 1489 1670 concito
1507 1622 1654 1687 gradu
1679 1639 1896 1688 perrexe-

476 1710 588 1747 runt
604 1738 616 1762 ,
644 1710 697 1748 ut
717 1701 879 1748 hostes
898 1718 1009 1748 suos
1031 1705 1236 1748 Francos
1252 1738 1264 1759 ‚
1289 1701 1327 1747 si
1351 1710 1706 1767 exspectarent,
1730 1716 1894 1765 aggre-
1970 1725 1974 1731 ·

473 1778 718 1826 derentur.
746 1778 888 1836 Quod
911 1779 1107 1842 quidem
1131 1779 1219 1844 ipsi
1237 1779 1428 1836 Franci,
1453 1778 1538 1827 sed
1561 1778 1738 1826 infelici
1757 1777 1894 1828 valde

472 1865 600 1903 sorte
620 1894 632 1917 ‚
659 1856 887 1903 fecerunt.

537 1936 805 1981 Accerserat
834 1943 948 1980 tunc
971 1937 1263 1981 Francorum
1295 1951 1374 1981 rex
1410 1934 1472 1981 ad
1503 1935 1724 1982 solatium
1749 1932 1890 1983 suum

469 2013 640 2060 auxilia
663 2029 835 2076 magna
865 2029 920 2059 ex
944 2013 1122 2071 Scofis,
1149 2013 1231 2077 qui
1258 2029 1498 2078 pugnaces
1521 2013 1717 2078 quidem
1745 2022 1792 2061 et
1810 2029 1888 2060 ro-

468 2089 618 2150 busti,
646 2090 729 2137 sed
752 2091 987 2137 temerarii
1012 2090 1213 2136 nimium
1251 2106 1307 2137 ac
1337 2090 1531 2155 superbi
1561 2107 1666 2137 esse
1685 2106 1888 2138 consue-

468 2178 654 2216 verunt.
671 2168 962 2215 Ferebantur
981 2185 1080 2215 esse
1098 2168 1231 2232 quasi
1256 2166 1317 2215 ad
1340 2165 1508 2214 decem
1528 2166 1674 2214 millia
1697 2183 1887 2232 pugna-

468 2256 626 2293 torum
644 2283 655 2304 ,
685 2262 893 2310 quorum
925 2254 1061 2293 eraut
1086 2245 1309 2291 ductores
1332 2244 1618 2309 principales
1641 2261 1802 2292 comes
1825 2244 1886 2293 de

465 2323 678 2388 Douglas
699 2333 744 2370 et
767 2339 927 2370 comes
953 2322 1013 2369 de
1036 2322 1270 2369 Boukaffl.
1312 2324 1378 2368 Ex
1401 2322 1592 2368 Francis
1621 2322 1764 2369 etiam
1786 2331 1885 2370 erat

462 2400 621 2448 militis
638 2400 877 2447 collectitii
900 2399 1156 2447 multitudo
1180 2415 1373 2462 magna,
1397 2398 1481 2446 sed
1503 2398 1763 2463 plurimum
1783 2398 1886 2447 abs-

463 2495 558 2543 que
575 2477 825 2543 disciplina
846 2487 894 2525 et
916 2477 1084 2524 ordine
1106 2476 1296 2524 militari
1310 2512 1322 2535 ,
1348 2477 1528 2541 majore
1551 2476 1694 2524 etiam
1717 2493 1774 2525 ex
1798 2494 1884 2525 nu-

512 2651 550 2687 1.
583 2647 943 2701 Ivry-le—Chaiteau‚
959 2645 1253 2698 illustredepuis
1273 2658 1344 2697 par
1363 2658 1439 2684 une
1452 2654 1562 2684 autre
1582 2645 1751 2687 bataille.

511 2700 550 2746 2:
582 2706 790 2746 Archibald
825 2706 1021 2758 Douglas,
1058 2719 1134 2756 que
1168 2705 1325 2744 Charles
1359 2707 1428 2743 VII
1463 2705 1566 2743 avait
1599 2705 1685 2744 eree
1722 2705 1797 2745 duc
1830 2705 1880 2746 de

457 2767 650 2806 Touraine
687 2766 723 2805 le
755 2768 804 2804 19
841 2766 938 2804 avril
984 2767 1116 2813 14233
1156 2773 1193 2802 et
1226 2765 1327 2803 John
1365 2768 1519 2815 Stuart‚
1560 2774 1685 2805 comte
1722 2765 1771 2805 de
1803 2768 1879 2805 Bu-

454 2829 552 2868 chan
582 2838 620 2868 et
649 2830 697 2867 de
734 2828 905 2881 Douglas
926 2858 936 2874 ,
973 2827 1127 2865 nomme
1157 2826 1382 2865 connetable
1417 2826 1466 2866 de
1491 2829 1638 2866 France
1666 2826 1701 2865 le
1732 2828 1755 2865 4
1779 2825 1876 2866 avril

454 2891 571 2928 1423.

2080 2054 2086 2062 -
2082 2023 2086 2034 -
2071 1914 2086 2004 §.fac-¹
2075 1871 2086 1904 ,Ἣ
2078 1777 2086 1798 22.
