2086 3528
726 363 874 401 LIBER
900 363 1146 411 QUARTUS.
1576 368 1646 405 18¹

246 446 496 507 fovendos,
513 446 720 509 aliasque
730 445 944 510 publicas
955 448 1088 512 regni
1098 447 1414 509 necessitates,
1427 449 1477 496 in
1487 458 1656 514 quarta

180 578 187 585 ι
238 532 376 589 parte
398 521 698 587 vectigalium
729 531 775 569 et
809 522 1102 572 tributorum
1132 540 1332 588 regnum
1359 542 1459 573 non
1487 541 1657 589 grava-

244 600 385 648 batur
403 601 526 648 illius
548 601 838 666 quantitatis,
857 618 961 666 quae
982 603 1038 649 iis
1056 602 1321 650 infelicibus
1339 603 1653 670 temporibus,

243 677 331 725 sub
353 688 579 744 praetextu
605 678 945 726 servandarum
967 690 1110 746 atque
1139 681 1496 728 retinendarum
1528 681 1657 729 mille

243 766 290 804 et
311 757 681 821 quingentarum
705 755 976 804 lancearum
991 795 1003 819 ‚
1028 758 1293 823 imponitur
1311 767 1356 805 et
1379 758 1577 806 levatur.
1598 760 1658 806 Et

234 842 343 886 ,erat
377 843 535 881 tamen
573 843 688 881 ωηο
716 851 945 898 regnum,
969 851 1114 900 quam
1135 852 1288 897 nunc,
1314 852 1448 901 paene
1470 836 1658 883 incom-

243 911 516 977 parabiliter
561 922 607 959 et
650 912 930 978 populosius
971 924 1018 961 et
1060 912 1320 978 majoribus
1367 912 1543 960 divitiis
1583 930 1658 960 re·

243 988 430 1036 fertum.

247 1112 251 1115 ,
307 1066 400 1114 Sed
417 1066 478 1114 de
496 1067 588 1115 hoc
601 1068 710 1116 satis
721 1087 732 1128 3
743 1069 844 1133 jam
857 1068 917 1115 ad
929 1078 1100 1115 nostrae
1117 1068 1403 1116 narrationis
1419 1068 1656 1127 ordinem,

242 1159 269 1191 a
290 1161 384 1208 qua
406 1146 656 1193 occasione
680 1146 863 1193 ordinis
878 1147 926 1192 in
946 1146 1189 1194 Gallicana
1211 1146 1380 1195 militia
1404 1157 1519 1195 tunc
1541 1147 1661 1193 inse·

242 1222 365 1283 cuti,
391 1222 587 1286 digressi
605 1223 854 1288 paululum
877 1223 1060 1286 summ,
1083 1233 1394 1272 revertamur.

716 1420 1054 1469 CAPITULUM
1087 1423 1187 1468 VII.

303 1555 461 1600 Qualiter
475 1555 677 1592 Ludovicus
695 1556 885 1605 delphinus
902 1557 1077 1593 Suitenses
1091 1567 1206 1605 prope
1220 1556 1391 1592 Basileam
1405 1555 1607 1604 prostravit.

306 1677 470 1741 Igitur,
496 1674 615 1723 dum
631 1675 830 1723 Carolus
854 1692 934 1723 rex
956 1677 1006 1723 in
1026 1675 1334 1739 LotharingIa
1359 1691 1470 1722 cum
1494 1689 1667 1738 magna

242 1755 418 1802 militiae
443 1772 588 1804 manu
610 1765 754 1817 esset,
782 1755 1053 1803 Ludovicus
1084 1755 1366 1820 delphinus,
1393 1755 1493 1818 ejus
1517 1752 1664 1815 filius,

242 1842 357 1880 tunc
390 1833 579 1880 circiter
609 1832 776 1896 viginti
806 1849 1046 1880 annorum
1068 1843 1207 1881 natus
1222 1870 1234 1892 ,
1257 1850 1284 1880 a
1306 1833 1428 1880 duce
1453 1832 1670 1879 Austriae¹

243 1919 470 1958 evocatur
491 1910 541 1956 in
565 1909 794 1958 auxilium
813 1919 983 1957 contra
1005 1911 1298 1958 Suitensium
1321 1909 1552 1976 populos,
1586 1909 1670 1973 qui

242 1998 452 2036 castrum
484 1987 732 2052 quoddam
753 1990 768 2012 ¹
804 1998 920 2035 ωηο
959 1987 1274 2046 obsidebant,
1308 2005 1408 2035 non
1442 1987 1613 2053 procul
1641 2003 1669 2034 a

243 2066 438 2113 Basilea.
457 2066 552 2123 Qui
567 2065 628 2112 ad
647 2075 795 2113 terras
809 2065 909 2112 illas
927 2083 1038 2112 cum
1057 2065 1316 2114 duodecim
1335 2075 1419 2113 aut
1436 2076 1668 2129 quatuor-

244 2142 399 2190 decim
421 2142 631 2190 millibus
648 2152 944 2191 armatorum
959 2145 1118 2192 statim
1140 2144 1386 2210 profectus
1407 2154 1493 2191 est.
1512 2147 1668 2202 Quem

243 2237 354 2269 cum
381 2221 621 2269 Suitenses
643 2222 1031 2287 appropinquare
1051 2222 1282 2270 Basileam
1303 2222 1666 2283 intellexissent,

244 2299 311 2347 eis
335 2309 451 2346 tunc
475 2299 751 2347 foederatam
772 2310 820 2348 et
843 2299 1114 2364 colligatam
1131 2337 1143 2360 ,
1173 2300 1235 2347 ad
1267 2301 1367 2364 ejus
1402 2300 1600 2347 tutelam
1623 2309 1671 2346 et

244 2376 572 2424 desensionem
607 2377 794 2425 circiter
822 2377 921 2425 duo
955 2377 1104 2425 millia
1133 2377 1194 2425 de
1224 2394 1311 2424 suo
1345 2378 1555 2425 exercitu
1586 2377 1669 2424 illo

246 2454 443 2502 tendere
467 2454 778 2520 imperarunt.
811 2458 934 2502 Cum
955 2465 1116 2502 autem
1134 2472 1285 2520 prope
1304 2455 1472 2502 urbem
1492 2464 1664 2512 essent,

247 2531 506 2579 multitudo
545 2542 839 2580 armatorum
870 2537 1165 2581 Francorum
1206 2533 1459 2598 intercepit
1499 2547 1668 2578 eorum

247 2613 365 2674 iter3
391 2621 527 2660 erant
561 2613 690 2660 enim
719 2630 887 2661 omnes
911 2614 1114 2678 pediteS.
1155 2617 1208 2661 Ιη
1248 2631 1331 2661 eos
1366 2614 1525 2677 itaque
1556 2628 1669 2658 cum

302 2754 341 2790 1.
375 2752 429 2790 Le
451 2749 526 2790 duc
548 2750 783 2801 d’Autriche,
805 2751 1054 2807 Sigismond„

303 2813 343 2852 2.
375 2810 566 2849 Matthieu
597 2811 645 2849 de
671 2812 816 2863 Coussy
840 2812 895 2850 dit
918 2826 1012 2851 avec
1047 2813 1134 2865 plus
1164 2813 1213 2851 de
1246 2813 1377 2850 raison
1401 2829 1418 2846 u
1440 2824 1517 2849 une
1540 2809 1669 2848 bonne

250 2871 341 2910 ville
366 2890 403 2923 n,
425 2871 552 2909 c’etait
569 2869 722 2909 Zurich.
746 2873 831 2911 Non
843 2875 982 2923 procul
996 2887 1022 2911 a
1039 2874 1197 2911 Basilea
1215 2875 1313 2910 n'est
1331 2883 1399 2923 pas
1418 2870 1504 2922 plus
1523 2869 1638 2917 juste.
