2086 3528
504 359 579 396 180
882 329 1222 393 ms'romAmJM
1249 355 1431 392 emon
1458 354 1528 391 vn

501 457 688 506 semper
723 438 817 486 illic
852 436 942 485 sub
971 437 1135 497 bellis,
1176 437 1251 485 vel
1287 437 1374 485 sub
1412 436 1651 484 bellorum
1676 436 1912 491 continuo

501 528 632 566 metu
676 515 1034 579 innumerisque
1079 514 1259 578 injuriis
1307 530 1362 562 ac
1406 515 1631 562 molestiis
1684 513 1910 578 degetur,
1981 571 1984 574 Δ

499 595 730 660 quamdiu
753 592 833 640 illa
849 603 947 639 tam
967 608 1223 639 numerosa
1243 592 1409 640 militia
1425 593 1718 641 conductitia
1735 593 1915 641 retine-

496 674 643 732 bitur,
676 671 805 719 mille
838 670 1057 718 videlicet
1079 671 1468 734 quingentarum,
1507 681 1590 719 aut
1612 677 1787 737 supra',
1816 671 1919 720 lan-

499 767 710 798 cearum.
756 753 904 808 Nam,
943 748 1076 795 omni
1109 757 1291 796 semota
1323 747 1622 796 dubitatione
1644 786 1656 810 ‚
1685 747 1916 813 quamdiu

499 837 630 875 tanta
656 826 934 874 retinebitur
957 826 1017 873 ad
1049 826 1191 891 plena
1212 826 1449 890 stipendia
1467 864 1480 887 ,
1507 843 1696 874 necesse
1715 827 1803 873 erit
1825 842 1937 892 po·-

498 904 640 970 pulos
669 913 716 951 et
747 903 1017 968 provincias
1054 903 1187 967 regni
1220 902 1321 949 haec
1358 902 1456 950 duo
1489 905 1694 952 maxima
1729 913 1776 951 et
1812 919 1919 950 mo-

497 982 745 1029 lestissima
768 997 931 1039 onera,
966 980 1143 1027 tributa
1177 980 1353 1027 scilicet
1389 979 1450 1027 ad
1485 981 1634 1027 solam
1663 981 1802 1028 unius
1827 997 1919 1028 vo-

498 1059 732 1106 luntatem
769 1058 1062 1124 imponenda
1091 1067 1139 1106 et
1161 1057 1390 1119 taxanda,
1417 1057 1559 1104 simul
1580 1074 1690 1105 cum
1717 1058 1915 1119 militia,

500 1136 722 1183 tolerare.
1634 1148 1637 1149 ’

564 1213 662 1259 Tali
684 1213 908 1260 servitute
927 1213 1059 1261 haud
1074 1214 1173 1260 scio
1191 1230 1251 1260 an
1273 1213 1412 1260 alicui
1435 1213 1619 1278 regioni
1634 1213 1824 1260 miseria
1845 1214 1919 1261 vel

500 1291 741 1338 calamitas
769 1291 923 1354 major
955 1290 1182 1339 obvenire
1215 1292 1382 1356 possit.
1420 1294 1573 1356 Atque
1608 1291 1793 1338 utinam
1820 1291 1922 1340 haec

499 1377 665 1415 nostra.
699 1367 880 1415 falleret
908 1367 1182 1416 aestimatio!
1214 1369 1435 1415 Libenter
1466 1369 1593 1416 enim
1628 1369 1676 1414 in
1705 1367 1800 1415 hoc
1827 1367 1925 1433 falli

500 1446 843 1492 sustineremus
860 1482 872 1505 ,
895 1456 941 1493 et
963 1446 1233 1494 videremus
1254 1455 1438 1493 tantam
1460 1446 1522 1493 ad
1541 1444 1779 1510 stipendia
1800 1445 1926 1493 mili-

503 1523 617 1569 tiam
638 1523 850 1582 retineri,
873 1524 947 1570 vel
971 1524 1110 1571 etiam
1135 1524 1365 1587 majorem
1384 1561 1396 1584 ‚
1431 1540 1536 1588 quae
1574 1522 1800 1571 oneribus
1833 1523 1924 1571 illis

503 1609 551 1647 et
574 1599 830 1661 molestiis⁷
860 1616 977 1663 quas
1004 1601 1394 1665 perstrinximus,
1423 1601 1619 1647 minime
1641 1609 1764 1647 esset
1793 1601 1924 1664 regni

503 1677 689 1724 accolas
709 1687 976 1740 gravatura.
1005 1678 1168 1725 Priscis
1187 1678 1487 1743 temporibus
1505 1694 1705 1742 regnum
1721 1680 1928 1726 Franco-

502 1773 610 1802 rum
657 1756 915 1820 aliquando
962 1756 1165 1803 multum
1213 1758 1400 1818 floruit,
1456 1774 1567 1804 cum
1611 1756 1795 1804 nullam
1845 1766 1929 1804 aut

504 1834 723 1897 exiguam
754 1834 938 1880 foveret
969 1834 1261 1882 ordinariam
1290 1835 1648 1899 stipendiariam
1682 1835 1924 1895 militiam3

504 1921 552 1958 et
590 1921 847 1976 antequam
889 1912 1121 1959 Henricus
1155 1913 1434 1959 Lancastriae
1453 1949 1464 1971 ,
1508 1911 1769 1975 Anglorum
1812 1928 1893 1959 rex
1913 1947 1925 1971 ,

505 2006 706 2053 regnum
747 1992 1037 2036 Francorum
1071 2006 1157 2054 per
1196 1989 1315 2037 fines
1353 1990 1656 2038 Normanniae
1686 1989 1928 2053 acquirere

506 2066 594 2112 sibi
631 2083 876 2131 aggressus
914 2077 982 2114 est
1017 2067 1268 2130 (nondum
1306 2067 1592 2114 effluxerunt
1633 2067 1930 2131 septuaginta

507 2143 621 2189 anni
635 2144 688 2207 ¹),
711 2143 840 2191 nulla
862 2143 965 2191 talis
981 2145 1283 2209 stipendiaria
1303 2144 1508 2191 militum
1530 2161 1701 2191 manus
1714 2145 1761 2191 in
1780 2161 1929 2208 regno

510 2220 716 2267 Franciae
745 2221 1014 2282 tenebatur,
1040 2221 1148 2269 licet
1177 2222 1435 2285 Anglorum
1461 2237 1594 2284 reges
1618 2219 1929 2284 Burdegalam

510 2307 558 2344 et
577 2313 802 2360 magnam
823 2298 1064 2345 Vasconiae
1081 2308 1264 2363 partem
1288 2297 1376 2345 sub
1394 2314 1480 2344 sua
1495 2297 1677 2344 ditione
1692 2307 1926 2346 tenerent.

515 2376 658 2420 Erant
677 2374 888 2420 contenti
912 2377 1206 2420 Francorum
1234 2391 1366 2437 reges
1399 2374 1447 2420 in
1475 2373 1611 2420 terris
1643 2373 1931 2440 limitrophis

513 2450 783 2515 aliquorum
819 2451 1241 2515 stipendiariorum
1277 2467 1533 2498 numerum
1569 2450 1846 2511 modicum,
1880 2453 1929 2499 iu

512 2528 737 2593 praesidiis
751 2528 1064 2575 munitiorum
1078 2529 1315 2589 locorum,
1337 2529 1540 2576 retinere
1561 2548 1572 2575 :
1592 2538 1788 2595 propter
1807 2547 1930 2595 quos

570 2721 606 2756 1.
639 2719 839 2758 Reflexion
865 2719 956 2758 d'ou
982 2718 1009 2757 il
1042 2718 1184 2758 resulte
1215 2732 1291 2770 que
1317 2720 1481 2758 l'auteur
1503 2719 1663 2758 ecrivait
1691 2719 1771 2758 ceci
1804 2721 1823 2758 ὲ
1856 2733 1932 2759 une

515 2777 665 2830 epoque
685 2792 789 2818 assez
811 2778 1048 2831 rapprochee
1067 2779 1114 2817 de
1134 2778 1211 2817 l'an
1234 2781 1336 2818 1475
1349 2809 1359 2827 ‚
1388 2780 1551 2832 puisque
1568 2780 1605 2818 la
1622 2780 1810 2831 conquete
1827 2778 1876 2819 de
1896 2780 1933 2819 'a

518 2839 751 2878 Normandie
771 2851 992 2889 commenea
1014 2851 1062 2877 en
1083 2841 1186 2877 1415
1208 2850 1279 2891 par
1301 2839 1337 2877 la
1358 2839 1463 2891 prise
1484 2838 1717 2878 d'Harfleur.
