2086 3528
520 364 596 401 122
903 358 1244 399 HISTORIARUM
1271 359 1451 398 CAROLI
1475 361 1546 397 VII

516 455 564 493 et
585 448 875 492 Francorum
906 440 1228 503 conabantur3
1260 442 1343 506 qui
1363 458 1464 488 sese
1493 441 1543 488 in
1574 456 1731 488 unum
1758 455 1926 506 agmon

516 521 727 569 validum
755 519 1053 583 colligentes,
1081 518 1336 566 deditionis
1368 529 1414 567 et
1442 517 1783 583 conjurationis
1815 533 1928 567 auo-

515 609 641 645 tores
672 614 781 645 cum
823 596 919 643 suis
953 595 1145 660 aggredi
1177 606 1224 643 et
1251 596 1473 645 invadere
1502 595 1840 662 properabant.
1870 597 1929 644 Et

516 693 598 724 eos
628 675 796 741 procul
830 675 980 724 dubio
1015 675 1362 733 exstinxissent,
1399 675 1490 722 nisi
1522 675 1583 724 ad
1606 674 1763 723 statim
1783 676 1930 724 Fran-

515 771 684 802 corum
723 753 952 801 militibus
994 753 1204 818 primum'
1226 769 1311 818 per
1339 769 1559 816 murum,
1583 752 1758 801 deinde
1784 752 1930 801 etiam

513 848 599 898 per
618 832 795 880 dictam
807 841 997 898 portam
1011 869 1023 891 ‚
1044 847 1148 896 quae
1166 829 1442 879 custodibus
1459 831 1566 879 licet
1586 831 1744 880 invitis
1765 840 1929 897 aperta

514 910 625 971 fuit,
647 927 703 958 ac
734 910 878 958 etiam
907 927 994 976 per
1014 909 1212 956 fluvium
1236 909 1540 972 intromissis,
1562 910 1653 976 ipsi
1669 908 1732 957 ad
1749 908 1929 957 subve-

514 988 745 1036 niendum
778 988 960 1036 civibus
987 1005 1096 1035 cum
1120 1003 1304 1035 summa
1327 987 1568 1052 diligentia
1593 987 1923 1035 accurrissent.

513 1066 591 1112 Eis
614 1066 743 1114 enim
764 1067 876 1113 visis
910 1065 1102 1129 suisque
1135 1064 1418 1112 militaribus
1451 1065 1594 1129 signis
1627 1064 1896 1130 conspectis
1911 1101 1924 1126 ‚

513 1143 673 1191 statim
691 1143 868 1207 Anglici
884 1160 995 1190 cum
1011 1158 1206 1196 suarum
1222 1143 1428 1208 partium
1443 1141 1703 1190 fautoribus
1715 1141 1777 1190 ad
1787 1140 1931 1194 hasti-

513 1221 626 1269 liam
645 1223 805 1270 Sancti
829 1222 1047 1283 Antonii,
1070 1221 1388 1271 firmissimam
1412 1237 1588 1282 arcem,
1614 1221 1703 1268 iter
1723 1220 1930 1286 arripue-

512 1308 652 1359 runt3
688 1299 773 1347 ubi
809 1317 920 1348 cum
956 1300 1119 1365 paucis
1157 1300 1355 1347 fuissent
1388 1299 1557 1348 diebus
1595 1309 1642 1346 et
1679 1297 1932 1364 penuriam

513 1395 674 1426 rerum
694 1379 1067 1427 necessariarum
1103 1388 1401 1444 paterentur,
1435 1378 1547 1425 data
1581 1377 1648 1425 eis
1680 1376 1931 1428 securitate

513 1457 718 1505 exeundi
741 1467 813 1517 et,
842 1473 939 1522 quo
962 1456 1252 1520 voluissent,
1276 1455 1638 1524 proficiscendi,
1657 1454 1776 1505 arcis
1798 1452 1931 1502 dedi-

513 1536 696 1583 tionem
718 1536 947 1584 fecerunt.

577 1614 763 1672 Quibus
798 1615 942 1661 etiam
976 1614 1167 1675 diebus,
1195 1624 1403 1662 castrum
1437 1612 1557 1661 illud
1595 1612 1831 1660 famosum
1869 1610 1931 1658 de

517 1694 559 1737 V
561 1693 783 1738 incemzez
800 1729 811 1751 ‚
838 1691 947 1738 urbi
985 1692 1225 1754 vicinum,
1251 1692 1444 1756 ingenio
1469 1701 1517 1739 et
1549 1699 1652 1740 astu
1684 1688 1931 1753 cujusdam

512 1769 732 1832 armigeri
750 1772 1044 1817 Francorum
1069 1771 1151 1834 qui
1174 1769 1270 1817 illic
1292 1769 1506 1834 captivus
1522 1769 1675 1816 fuerat
1689 1767 1926 1828 detentus,

512 1854 702 1911 captum
727 1857 820 1908 est,
847 1857 893 1895 et
923 1865 1008 1913 per
1030 1858 1216 1912 partem
1249 1848 1396 1913 ipsius
1431 1846 1738 1894 munitiorem
1760 1853 1924 1914 noctu,

512 1924 645 1971 scalis
680 1935 726 1972 et
762 1926 954 1973 funibus
986 1926 1209 1986 admotis,
1235 1941 1549 1974 conscensum
1576 1933 1644 1972 est
1658 1925 1687 1971 ¹.
1714 1925 1831 1980 Quae
1854 1937 1928 1969 res

513 2001 619 2048 urbi
641 2019 815 2067 magno
853 2003 1050 2052 obvenit
1084 2003 1362 2052 commodo.
1403 2003 1451 2049 Si
1485 2003 1615 2050 enim
1636 2002 1686 2048 in
1716 2000 1926 2050 hostium

512 2096 657 2128 manu
681 2083 1043 2147 permansisset,
1070 2092 1266 2151 propter
1283 2083 1525 2144 ingentem
1545 2079 1640 2127 loci
1657 2077 1930 2126 firmitatem

511 2169 557 2206 et
571 2160 792 2208 viciniam
811 2160 964 2222 urbis,
985 2160 1269 2209 detrimenta
1285 2175 1458 2224 magna
1474 2157 1659 2206 civibus
1673 2155 1923 2204 intulisset.

565 2309 604 2348 1.
620 2299 678 2344 ¹Le
692 2305 800 2346 lundi
813 2319 916 2359 graS,
932 2308 1049 2346 1436.
1065 2308 1120 2344 Le
1135 2304 1295 2345 chateau
1315 2303 1362 2343 de
1375 2303 1589 2343 Vincennes
1606 2303 1663 2342 fut
1675 2301 1753 2355 pris
1771 2313 1821 2342 eu
1835 2299 1928 2342 esset

510 2380 604 2406 avec
622 2366 737 2407 l’aide
759 2366 852 2407 d’un
876 2365 1094 2419 prisonnier
1112 2366 1274 2417 francais
1295 2365 1436 2404 detenu
1461 2364 1554 2403 dans
1582 2364 1618 2402 le
1644 2363 1810 2413 donjon,
1831 2361 1927 2406 mais

511 2435 660 2465 sut-tout
676 2440 746 2479 par
764 2425 801 2465 la
828 2439 917 2464 ruse
938 2425 1031 2464 d’un
1048 2417 1221 2464 Ecossais
1241 2424 1306 2476 qui
1323 2424 1446 2463 s’iztait
1464 2423 1649 2463 introduit
1667 2423 1763 2462 dans
1781 2422 1818 2461 la
1837 2434 1927 2476 gar-

510 2486 622 2525 nison
641 2500 790 2525 comme
807 2485 963 2538 Anglais
984 2494 1022 2524 et
1040 2486 1107 2537 qui
1125 2487 1164 2524 fit
1183 2494 1334 2524 monter
1351 2485 1406 2524 les
1426 2498 1518 2538 gens
1531 2485 1697 2524 d’armes
1717 2486 1739 2522 a
1753 2482 1927 2522 l'echelle

509 2546 679 2598 pendant
709 2546 804 2598 qu'il
834 2545 926 2584 etait
952 2559 1001 2584 en
1035 2546 1173 2585 faction
1193 2559 1259 2585 sur
1277 2545 1332 2584 les
1350 2558 1468 2586 murs.
1495 2546 1701 2598 Chronique
1719 2545 1769 2586 de
1787 2546 1922 2590 Borry,

510 2607 605 2648 dans
622 2607 833 2658 Gonefroy,
857 2620 897 2659 p.
919 2608 1010 2646 393.
