2086 3528
722 315 870 352 LIBER
898 316 1117 355 TERTIUS.
1550 322 1567 357 1
1577 323 1625 358 27

275 398 420 444 Duxit
447 405 606 445 autem
642 397 769 445 hanc
808 398 1163 463 expeditionem
1196 400 1298 466 ipse
1325 402 1626 467 Burgundio·

212 489 330 526 num
357 473 455 521 dux
494 473 744 521 adversum
787 474 987 537 Anglos,
1030 492 1159 523 anno
1191 476 1445 526 dominicae
1469 479 1625 528 incar-

210 553 415 601 nationis
440 568 775 613 mccccxxxvl„
802 564 959 601 oestate
989 555 1204 620 proxima
1236 568 1464 622 sequente
1493 573 1626 625 post-

209 647 356 697 quam
394 632 684 680 Parisiorum
723 632 887 679 civitas
936 632 1026 680 sub
1058 635 1353 683 Francorum
1391 636 1624 686 ditionem

207 708 405 759 reducta
426 709 578 758 fuerat
593 746 606 770 ,
632 726 743 757 cum
771 711 1015 775 superiore
1036 721 1194 759 aestate
1218 713 1348 760 idem
1379 713 1475 761 dux
1497 717 1628 780 pacis

207 785 386 834 foedera
413 801 523 834 cum
551 787 724 834 Carolo
751 804 883 851 rege,
909 797 962 835 ut
983 787 1219 850 diximus,
1249 790 1456 853 fecisset,
1477 792 1627 841 desci-

207 864 444 929 vissetque
465 863 527 912 ab
555 866 734 929 Anglis.
762 865 1063 914 Procedens
1051 867 1191 931 igitur
1216 885 1326 916 cum
1352 869 1482 918 dicto
1509 888 1626 918 suo-

205 952 313 990 rum
325 941 688 990 Flandrensium
714 944 947 1003 exercitu,
962 943 1147 992 habens
1169 955 1338 1010 praeter
1356 947 1626 1013 Flamingos

206 1007 517 1068 Picardorum
547 1021 752 1068 militum
781 1031 828 1068 et
855 1038 1055 1070 suorum
1077 1022 1452 1072 domesticorum
1483 1026 1624 1074 dum-

205 1104 333 1147 tuat
345 1096 472 1144 circa
488 1095 588 1145 duo
612 1108 694 1145 aut
718 1099 808 1146 tria
829 1099 1001 1160 millia,
1021 1098 1084 1147 ad
1109 1101 1372 1164 Anglorum
1394 1104 1625 1152 terminos

205 1173 428 1234 eumdem
453 1175 667 1223 admovit
696 1177 970 1224 exercitum.
995 1177 1121 1225 Infra
1143 1195 1266 1242 quos
1295 1196 1406 1227 cum
1429 1180 1528 1228 duo
1549 1182 1623 1230 vel

203 1253 295 1300 tria
330 1268 479 1318 parva
511 1254 730 1316 castella,
759 1272 864 1319 quae
897 1255 1008 1303 satis
1041 1255 1223 1303 exiliter
1244 1258 1428 1306 munita
1458 1270 1618 1321 erant,

203 1341 573 1395 expugnassent,
592 1330 797 1379 subinde
810 1334 946 1396 juxta
963 1333 1198 1399 oppidum
1219 1334 1386 1382 Calesii
1399 1371 1411 1395 ,
1435 1336 1623 1385 circiter

203 1407 265 1456 ad
289 1409 504 1457 medium
526 1409 754 1471 milliare,
780 1411 1010 1474 Flamingi
1027 1422 1178 1458 castra
1203 1414 1366 1459 metati
1398 1424 1525 1461 sunt.
1553 1418 1622 1462 Ex

201 1502 300 1551 quo
317 1486 428 1534 loco
445 1503 555 1534 cum
572 1487 667 1534 illic
683 1505 769 1552 per
786 1489 948 1553 plures
966 1488 1067 1536 dies
1084 1490 1305 1537 remorati
1329 1501 1508 1552 essent,
1531 1508 1621 1539 nec

200 1564 462 1627 Anglorum
499 1566 756 1613 'munitioni
791 1576 1142 1614 nocumentum
1183 1567 1356 1614 inferre
1393 1580 1616 1632 possent,

200 1653 385 1708 partem
411 1645 484 1692 sui
505 1645 738 1692 exercitus
774 1646 973 1710 propius
1003 1645 1347 1706 admoverunt,
1380 1656 1427 1693 et
1452 1663 1620 1712 aggere

201 1723 382 1771 castelli
400 1723 548 1771 instar
576 1723 701 1772 facto
726 1724 1011 1788 munitoque
1034 1722 1347 1785 sufficienter,
1375 1724 1505 1772 unde
1535 1743 1619 1791 pe·

199 1800 353 1861 trariis
387 1810 433 1848 et
463 1802 711 1849 tormentis
744 1801 912 1867 oppidi
934 1803 1112 1850 moenia
1142 1812 1392 1866 turresque
1416 1802 1620 1866 dejicere

199 1887 417 1943 possent,
442 1879 658 1944 praesidia
680 1879 1010 1927 Gandensium
1043 1896 1154 1927 cum
1189 1878 1351 1926 multis
1372 1878 1486 1927 belli
1510 1897 1619 1928 ma-

198 1954 352 2003 chinis
377 1965 520 2021 atque
545 1957 868 2005 instrumentis
891 1956 987 2004 illic
1009 1957 1304 2004 locaverunt.
1332 1960 1471 2004 Hunc
1491 1959 1619 2005 enim

198 2044 467 2098 praerogant
487 2033 579 2081 sibi
602 2034 766 2082 deberi
799 2052 896 2101 prae
930 2036 1108 2082 caeteris
1130 2034 1501 2082 Flandrensibus
1523 2053 1619 2100 po—

196 2109 321 2175 pulis
339 2111 485 2159 iidem
508 2112 785 2160 Gandenses
804 2113 1070 2175 honorem,
1091 2123 1143 2160 ut
1161 2114 1210 2160 in
1232 2112 1393 2160 hostes
1411 2112 1618 2161 debeant

197 2189 464 2253 praecedere
492 2190 752 2256 primores,
772 2200 1000 2256 tanquam
1025 2192 1172 2238 totius
1201 2191 1459 2256 primicerii
1485 2209 1617 2240 exer-

197 2265 333 2313 citus.

263 2346 384 2392 Cum
422 2355 582 2394 autem
618 2348 742 2395 intra
778 2345 1056 2410 hujusmodi
1090 2346 1332 2394 munitum
1363 2363 1612 2411 aggerem,

198 2437 342 2485 quem
375 2425 541 2470 Franci
575 2423 719 2488 vulgo
751 2423 1021 2470 bollewercle
1049 2440 1134 2471 seu
1164 2422 1428 2472 bastiliam¹
1453 2426 1618 2491 appel-

197 2499 322 2559 lant,
356 2495 469 2547 dicti
489 2501 766 2549 Gandenses
796 2517 883 2567 per
907 2500 1182 2566 quindecim
1212 2517 1366 2567 prope
1396 2502 1496 2550 dies
1522 2513 1614 2550 ste-

198 2576 365 2624 tissent
383 2586 430 2624 et
451 2577 721 2642 oppidanos
747 2579 862 2627 inde
889 2578 1172 2627 bombardis
1195 2588 1243 2626 et
1262 2580 1404 2627 variis
1431 2580 1614 2627 machi·

252 2705 270 2740 1
282 2731 291 2742 .
313 2705 497 2742 L'auteur
514 2704 681 2761 confond
693 2704 797 2743 deux
811 2695 946 2745 choses
960 2704 1268 2747 tres-distinctes.
1280 2708 1349 2754 *La
1361 2703 1511 2744 hastille
1524 2705 1614 2743 etait

199 2775 251 2801 un
272 2763 442 2814 quartier
461 2762 677 2813 retranche,
691 2764 816 2804 tandis
829 2777 905 2817 que
929 2765 966 2805 le
980 2765 1197 2805 boulevard
1215 2764 1347 2804 n’etait
1367 2767 1487 2816 qu'un
1505 2773 1614 2817 poste

117 2859 120 2866 .
198 2821 352 2863 fortifie.
