2086 3528
698 356 848 393 LIBER
874 355 1075 394 PRIMUS.
1561 355 1612 392 29

193 453 241 492 et
249 441 477 510 praedicto
493 450 648 489 castro
664 440 826 488 Sancti
839 440 1031 488 Antonii
1046 438 1276 487 excedere
1289 439 1465 487 invitos
1480 454 1613 486 coar-

192 530 399 575 ctarent:
414 520 479 568 sic
492 518 626 584 quod
638 517 753 566 urbs
768 518 870 584 ipsa
879 518 1024 583 regia,
1039 517 1180 584 plebe
1196 517 1395 565 civitatis
1409 517 1615 565 maxime

192 598 400 658 favente,
417 598 466 646 in
490 595 886 661 Burgundionum
909 596 1046 644 ducis
1067 605 1349 662 potestatem
1369 605 1513 660 atque
1535 593 1616 643 ad-

191 676 587 724 ministrationem
609 674 860 722 concessit.
879 676 1014 720 Unus
1035 683 1196 721 autem
1214 677 1509 721 Francorum
1529 673 1617 720 mi·

190 755 330 803 litum
346 763 566 803 strenuus
587 753 750 814 valde,
766 752 1104 816 Tennequinus
1125 752 1185 799 de
1206 754 1406 814 Castro¹,
1424 752 1617 799 natione

192 832 345 894 Brito,
371 849 446 880 res
471 848 668 898 prorsus
690 821 962 896 desperatas
991 829 1245 878 arbitratus
1260 867 1271 889 ‚
1296 830 1334 877 si
1357 830 1501 877 etiam
1523 832 1616 877 Ca-

191 906 429 958 rolusVll
441 946 455 970 ‚
483 910 566 975 qui
583 919 687 957 tum
710 908 840 957 solus
864 925 921 957 ex
942 908 1082 973 regiis
1101 908 1210 956 filiis
1232 918 1468 973 superstes
1490 917 1614 969 erat,

193 1005 307 1038 cum
321 998 456 1056 patre
473 1005 561 1036 suo
581 989 629 1036 in
650 989 752 1053 ipsa
773 987 893 1035 urbe
910 986 998 1034 sub
1018 986 1201 1034 ditione
1221 985 1619 1051 Burgundionum

149 1115 158 1130 x
193 1067 557 1132 relinqueretur,
602 1075 810 1114 armatus
844 1066 1002 1131 ipsum
1033 1064 1260 1112 Carolum
1284 1067 1392 1124 VII,
1422 1064 1618 1112 vixdum

193 1143 443 1210 puberem,
461 1161 487 1193 e
510 1144 658 1191 domo
678 1143 808 1207 regia
824 1143 983 1191 Sancti
1001 1143 1360 1209 Pauli²raptum
1383 1159 1547 1191 secum
1569 1143 1618 1190 in

193 1239 347 1288 equo,
375 1239 472 1287 quo
500 1222 782 1282 vehebatur,
809 1222 1092 1287 exportavit.

260 1307 319 1352 Et
343 1321 401 1352 ex
421 1314 539 1351 tunc
568 1320 736 1351 omnes
769 1302 962 1364 Franci,
989 1301 1387 1366 Burgundionum
1409 1303 1616 1365 inimici,

194 1391 345 1430 terras
367 1382 501 1446 regni
522 1397 628 1446 quae
650 1381 700 1427 in
723 1379 959 1427 ditionem
985 1379 1200 1445 ipsorum
1222 1379 1621 1444 Burgundionum

194 1476 296 1507 non
324 1468 668 1525 pervenerant,
695 1458 843 1524 ipsius
870 1457 1027 1505 Caroli
1055 1459 1139 1504 Vll
1169 1457 1366 1505 nomine
1390 1474 1552 1522 regere
1575 1468 1622 1506 et

196 1538 527 1586 administrare
543 1545 809 1602 coeperunt,
825 1545 1055 1599 tanquam
1071 1534 1195 1582 illius
1205 1535 1288 1600 qui
1302 1535 1488 1584 futurus
1502 1546 1623 1584 esset

182 1603 344 1668 'haeres
369 1617 569 1663 omnino
596 1615 750 1678 regni,
780 1615 818 1661 si
850 1614 973 1679 patri
1000 1630 1088 1660 suo
1120 1623 1356 1679 superstes
1386 1625 1616 1663 maneret.

197 1696 304 1741 Non
327 1693 457 1740 enim
479 1701 613 1758 patre
629 1692 819 1739 vivente
844 1707 893 1738 se
916 1707 1076 1754 regem
1103 1690 1383 1756 appellavit3
1412 1692 1498 1739 sed
1520 1702 1623 1741 tan·

197 1770 480 1829 tummodo,
506 1779 736 1835 tanquam
767 1770 891 1833 regis
921 1770 1295 1834 primogenitus,
1327 1769 1623 1836 Delphinum

197 1850 520 1898 Viennensem
563 1865 665 1895 sese
708 1846 979 1913 appellabat
1012 1857 1155 1912 atque
1191 1847 1481 1896 intitulabat.
1525 1849 1625 1897 Sibi

199 1944 313 1992 ergo
332 1937 378 1975 et
400 1927 501 1991 ejus
522 1927 719 1973 nomine
743 1926 938 1987 Franci,
965 1936 1012 1973 et
1033 1935 1202 1973 contra
1228 1926 1620 1990 Burgundiones,

199 2015 246 2054 et
266 2015 435 2054 contra
454 2004 652 2068 Anglos,
679 2003 998 2066 dimicabant,
1022 2013 1069 2051 et
1089 2003 1284 2052 bellicas
1306 2021 1417 2053 suas
1436 2005 1625 2072 expedi-

200 2083 356 2131 tiones
374 2081 633 2150 ducebant.

266 2164 324 2208 Et
347 2169 602 2226 propterea
623 2169 722 2207 tam
743 2160 891 2223 longo
915 2160 1166 2224 repetitam
1191 2159 1390 2208 exordio
1410 2171 1626 2208 nostram

200 2241 449 2305 hucusque
477 2239 802 2287 narrationem
832 2239 1152 2304 protraximus
1168 2276 1180 2298 ,
1200 2248 1254 2286 ut
1279 2239 1342 2286 ad
1357 2239 1489 2287 hunc
1512 2249 1627 2287 tem-

201 2319 332 2385 poris
359 2317 611 2366 articulum
640 2317 805 2364 debito
829 2316 1002 2364 ordine
1023 2318 1321 2379 veniremus,
1347 2335 1450 2383 quo
1473 2321 1626 2366 Caro-

203 2398 278 2446 lus
299 2399 383 2445 V11
398 2432 410 2454 ‚
437 2406 572 2462 patre
593 2395 703 2443 licet
723 2395 883 2442 adhuc
909 2396 1160 2460 superstite
1182 2405 1229 2443 et
1251 2396 1442 2444 titulum
1461 2398 1628 2463 regalis

122 2530 123 2533 Ἰ
204 2474 404 2522 honoris
433 2475 690 2530 retinente,
717 2472 779 2521 de
802 2473 926 2520 facto
950 2482 1111 2520 tamen
1141 2474 1377 2539 imperare
1409 2477 1553 2541 coepit
1583 2485 1629 2522 et

207 2553 446 2599 dominari
468 2552 517 2599 in
546 2551 728 2615 majore
748 2561 882 2616 parte
905 2551 1065 2615 regni,
1094 2553 1312 2615 quamvis
1339 2554 1460 2617 regis
1490 2553 1626 2600 titulo

209 2630 480 2678 abstineret.

266 2804 305 2843 1.
334 2799 533 2851 Tannegui
550 2798 603 2837 du
621 2798 752 2838 Chatel

267 2863 306 2900 2.
336 2860 487 2900 L'hotel
505 2859 730 2899 Saint-Paul
