2086 3528
735 391 882 429 LIBER
913 392 1115 431 PRIMUS.
1585 394 1630 431 21

213 488 419 545 pgnum
441 490 581 522 suum
596 473 753 521 redire
777 474 1036 522 sineretur·
1027 474 1198 540 ‚quod
1217 491 1334 522 cum
1345 475 1544 523 minime
1565 493 1632 523 re·

219 554 472 620 ciperetur,
500 554 629 602 velut
655 555 931 603 necessitate
964 513 1284 622 coinpulsum,
1311 555 1373 603 ad
1403 555 1634 606 dimican-

219 630 337 680 dum
359 642 408 680 et
427 633 572 681 armis
593 633 878 680 certandum
900 651 951 681 se
973 650 1182 699 parasse.

282 713 404 760 Cum
438 712 598 776 itaque
626 712 900 760 immineret
933 712 1033 760 dies
1054 729 1154 777 quo
1185 711 1247 760 ad
1276 721 1518 760 certamen
1549 713 1634 760 de-

218 789 510 838 veniendum
546 801 674 850 erat,
707 793 912 839 aciesex
942 801 1147 856 utraque
1168 801 1304 856 parte
1326 791 1567 839 instructae
1588 802 1636 840 et

219 866 448 916 ordinatae
480 878 607 916 sunt.
643 871 702 916 Et
745 885 828 916 rex
864 868 1060 933 quidem
1096 868 1358 933 Anglorum
1398 869 1460 916 ad
1493 886 1635 917 suum

217 945 476 992 exercitum
497 945 831 1010 hujuscemodi
859 946 1015 995 verbis
1044 947 1358 995 concionatus
1385 963 1487 994 esse
1518 946 1634 995 dici-

216 1031 310 1084 tur,
338 1023 617 1088 priusquam
635 1034 876 1072 certamen
893 1024 1255 1090 aggrederetur:

286 1118 311 1145 «
327 1101 470 1148 Venit
486 1118 616 1149 nunc
631 1102 769 1161 hora,
783 1118 814 1149 o
830 1101 1182 1150 commilitones
1194 1101 1363 1167 optimi
1379 1111 1523 1166 atque
1536 1100 1633 1150 for·-

216 1176 405 1238 tissimi,
422 1195 518 1243 qua
532 1179 671 1227 vobis
682 1216 694 1240 ,
718 1197 819 1227 non
845 1196 935 1245 pro
955 1179 1105 1243 gloria
1121 1178 1198 1227 vel
1215 1178 1527 1245 propaganda
1548 1196 1635 1226 no-

217 1255 513 1318 minis-fama,
528 1258 610 1305 sed
624 1275 714 1324 pro
726 1259 840 1317 vita,
854 1257 1184 1305 dimicandum
1199 1268 1287 1305 est.
1304 1261 1400 1306 Nos
1414 1258 1628 1323 quidem,

215 1335 464 1384 Gallorum
477 1339 896 1404 praesumptionem
916 1348 1058 1402 atque
1074 1338 1261 1385 animos
1274 1337 1386 1385 satis
1397 1347 1634 1403 spectatos

214 1412 372 1461 haben
379 1424 463 1474 tes,
477 1426 660 1463 certum
672 1415 907 1464 habemus
921 1414 1089 1481 [quod]
1102 1451 1114 1475 ‚
1128 1415 1167 1463 si
1180 1432 1266 1481 per
1277 1415 1514 1478 ignaviam
1527 1432 1633 1463 ves-

217 1502 337 1540 tram
367 1510 450 1541 seu
475 1505 656 1542 metum
682 1494 744 1542 ab
768 1495 835 1542 eis
858 1494 1067 1559 opprimi
1091 1494 1428 1553 sustinueritis,
1453 1495 1634 1542 nemini

215 1581 426 1620 vestrum
438 1574 663 1638 parcituri
680 1581 845 1632 erunt;
870 1572 955 1620 sed
979 1588 1164 1634 omnes,
1191 1572 1337 1620 veluti
1359 1571 1571 1637 plebeios
1587 1584 1635 1620 et

155 1688 161 1700 ,
214 1649 465 1713 ignobiles,
480 1667 711 1715 pecorum
733 1667 885 1709 more,
904 1648 1229 1697 trucidabunt.
1248 1652 1347 1713 Ego
1370 1649 1568 1719 quidem
1587 1661 1634 1698 et

215 1728 456 1791 sanguinis
471 1730 565 1776 mei
587 1729 826 1795 principes
841 1727 892 1775 id
908 1727 1049 1775 nobis
1069 1737 1418 1793 proventurum
1437 1729 1634 1777 minime

215 1805 544 1868 formidamus,
567 1823 596 1854 a
617 1805 789 1871 quibus
816 1822 991 1870 magna
1008 1806 1111 1853 auri
1131 1805 1348 1871 pondera
1373 1806 1630 1871 consequi,

215 1884 255 1932 si
276 1901 367 1932 nos
385 1885 652 1944 vincerent,
678 1894 938 1951 sperantes,
961 1901 1148 1932 servare
1164 1883 1308 1948 longe
1323 1884 1473 1949 magis
1488 1901 1635 1949 quam

215 1962 450 2028 perimere
476 1962 638 2010 hostes
668 1961 923 2010 curabunt.
951 1961 1045 2009 Sed
1079 1962 1118 2008 si
1144 1971 1333 2009 tantum
1365 1962 1633 2026 periculum

215 2039 422 2103 effugere
457 2056 513 2088 ac
549 2041 698 2088 vitare
736 2040 936 2106 cupietis
954 2077 966 2101 ‚
992 2048 1149 2087 metus
1183 2040 1340 2086 omnis
1373 2039 1437 2087 ab
1469 2040 1633 2088 animo

216 2117 466 2182 pellendus
495 2127 591 2178 est,
615 2135 705 2166 nec
733 2117 872 2166 vobis
893 2117 1186 2184 sperandum
1207 2127 1285 2175 ut,
1311 2117 1375 2166 ad
1398 2116 1637 2165 redimen-

215 2195 334 2244 dum
352 2196 499 2243 vitam
522 2206 729 2244 vestram
753 2197 981 2262 pecunia,
1007 2196 1155 2243 iidem
1176 2195 1340 2242 hostes
1366 2211 1454 2242 vos
1474 2195 1636 2243 adser-

216 2283 329 2322 vent
344 2310 357 2335 ,
401 2275 485 2339 qui
530 2274 592 2322 ad
627 2284 817 2338 gentem
858 2284 1074 2322 nostram
1113 2274 1430 2321 inveteratum
1467 2272 1637 2320 odium

216 2363 360 2419 atque
392 2352 750 2401 acerbissimum
783 2370 972 2419 semper
992 2353 1190 2401 habent.
1223 2356 1386 2418 Itaque
1413 2353 1451 2400 si
1478 2353 1638 2399 vivere

217 2431 375 2497 potius
403 2447 549 2495 quam
578 2432 703 2479 mori
739 2431 964 2491 delectat,
991 2447 1126 2479 more
1160 2431 1356 2478 fortium
1391 2430 1635 2489 virorum,

218 2509 677 2570 vestrae'nobilitatis,
703 2519 752 2557 et
775 2510 929 2569 famae,
956 2519 1099 2573 atque
1123 2508 1283 2573 gloriae
1307 2508 1569 2572 Anglorum
1589 2507 1640 2554 in

217 2586 360 2635 rebus
382 2586 579 2646 bellicis,
600 2587 1155 2648 memoriamhabentes,
1178 2597 1410 2651 tanquam
1434 2585 1522 2632 viri
1544 2585 1640 2631 for-

219 2668 327 2715 titer
344 2674 392 2713 et
412 2674 602 2713 strenue
625 2683 714 2731 pro
733 2665 985 2714 animabus
1008 2666 1174 2714 vestris
1196 2664 1461 2712 dimicate¹.
1484 2681 1507 2707 »

275 2837 313 2873 1.
345 2835 397 2873 Ce
421 2833 593 2873 discours
622 2836 721 2873 n’est
748 2833 869 2886 qu'un
898 2833 1071 2873 exercice
1096 2827 1278 2872 oratoire.
1305 2834 1516 2883 Comparer
1544 2831 1642 2872 celui

223 2906 299 2946 que
318 2893 356 2932 le
375 2893 580 2947 Religieux
595 2893 644 2932 de
666 2893 910 2933 Saint-Denis
926 2893 994 2932 fait
1015 2893 1132 2943 tenir,
1153 2905 1247 2932 avec
1267 2891 1357 2931 bien
1376 2891 1464 2943 plus
1482 2890 1647 2943 d’appa-
