2086 3528
557 347 633 382 114
933 339 1272 378 HISTORIARUM
1298 339 1477 377 CAROLI
1505 340 1575 375 VII

555 427 716 493 patriae
740 433 1043 489 recepturos,
1070 436 1214 488 opem
1234 422 1493 471 ferentibus
1515 422 1729 488 patriotis
1746 421 1965 473 looomm

556 502 723 551 incolis
759 500 843 564 qui
865 515 964 546 non
988 497 1264 546 dissimilem
1284 498 1506 547 affectum
1542 499 1603 546 ad
1632 498 1807 562 Anglos
1827 515 1962 564 gere-

554 581 673 628 bant
687 615 699 638 ‚
735 587 783 625 et
815 571 1163 640 consequenter
1189 575 1250 624 ad
1275 576 1627 640 Rothomagum
1659 576 1963 642 metropolim

553 655 781 705 accedere
797 691 810 716 ‚
848 654 1087 720 petierunt
1117 653 1327 718 primum
1354 654 1598 702 castellum
1626 654 1759 718 quod
1795 653 1967 707 Calati-

552 736 752 791 becum‚
775 731 918 796 vulgo
941 730 1178 778 Caudebec
1193 767 1206 791 ‚
1233 741 1560 797 nuncupatum
1577 741 1664 779 est.
1688 731 1833 790 Quod
1853 747 1966 781 cum

553 811 846 860 introiissent
867 808 1200 874 quadringenti
1223 809 1296 856 vel
1321 809 1566 873 quingenti
1587 809 1767 873 equites
1788 808 1965 872 Anglo-

552 906 660 937 rum
681 887 744 935 ad
774 888 937 935 locum
970 885 1285 933 muniendum
1309 896 1355 933 et
1381 885 1735 934 defendendum
1750 920 1764 946 ‚
1793 895 1841 934 et
1863 903 1966 935 sese

554 964 810 1014 multitudo
834 964 959 1011 illius
979 963 1146 1029 populi
1168 963 1365 1028 egressis
1380 965 1392 988 ¹
1414 980 1563 1030 prope
1585 974 1775 1030 portam
1795 971 1843 1012 et
1865 965 1966 1013 val·-

551 1045 653 1092 lmu
666 1043 934 1090 inconsulte
945 1058 999 1089 ac
1012 1051 1188 1088 temere
1204 1041 1304 1088 sine
1321 1040 1494 1088 ordine
1508 1041 1766 1100 effudisset,
1782 1042 1966 1091 irruen-

552 1130 620 1170 tes
639 1122 689 1168 in
711 1136 794 1168 eos
814 1118 1078 1183 Anglorum
1100 1118 1290 1166 ducenti
1314 1118 1390 1165 vel
1412 1119 1612 1166 trecenti
1633 1119 1836 1184 equites,
1863 1134 1965 1169 ma-

551 1215 694 1263 gnam
717 1207 919 1261 stragem
945 1197 1006 1244 de
1027 1198 1140 1263 ipsis
1162 1196 1392 1243 fecerunt.
1421 1199 1566 1244 Erant
1588 1198 1723 1247 enim
1739 1209 1965 1262 agrorum

550 1276 758 1324 cultores
792 1274 1032 1339 pedestres
1067 1291 1219 1340 prope
1257 1275 1491 1332 inermes,
1533 1275 1618 1339 qui
1655 1273 1716 1322 de
1744 1274 1848 1324 sola
1879 1291 1965 1324 sua

549 1370 685 1420 paene
707 1353 1016 1400 innumerosa
1038 1351 1344 1399 multitudine
1372 1351 1614 1400 confidere
1646 1351 1961 1401 videbantur:

548 1430 679 1478 unde
701 1430 836 1478 facile
858 1429 946 1476 fuit
967 1429 1203 1494 equitibus
1226 1430 1421 1488 armatis,
1449 1446 1533 1477 eos
1554 1430 1893 1496 opprimet-eet
1913 1431 1965 1479 in

547 1509 707 1573 fugam
729 1510 949 1556 vertere¹.

613 1586 821 1634 Audiens
851 1595 1010 1633 autem
1045 1586 1303 1633 multitudo
1322 1622 1335 1647 ‚
1361 1603 1466 1650 quae
1498 1603 1554 1634 ex
1587 1585 1815 1634 omnibus
1845 1586 1967 1651 agris

547 1664 710 1730 patrioe
731 1663 931 1711 collecta
950 1673 998 1710 et
1019 1680 1154 1728 paene
1171 1663 1535 1711 'innumerabilis
1561 1663 1817 1724 ferebatur,
1842 1679 1967 1728 quo-

546 1742 695 1790 modo
737 1743 819 1807 qui
863 1751 1201 1808 praecesserant
1239 1741 1299 1788 de
1333 1742 1431 1789 suis
1464 1741 1768 1790 caedebantur
1783 1779 1796 1803 ,
1835 1750 1966 1806 terga

546 1830 804 1868 verterunt.
829 1822 964 1878 Quos
982 1820 1221 1886 prosecuti
1243 1828 1355 1866 sunt
1371 1818 1509 1883 Angli
1525 1818 1752 1867 caedendo
1777 1827 1825 1866 ot
1841 1818 1967 1884 peri-

547 1898 724 1946 mendo
745 1899 926 1962 absque
947 1898 1038 1945 ulla
1059 1897 1379 1944 miseratione.
1401 1898 1651 1944 Duxerunt
1670 1897 1811 1944 ctiam
1830 1896 1965 1944 vivos

545 1976 815 2041 complures
847 1976 907 2024 ad
944 1976 1208 2041 oppidum,
1237 1991 1360 2040 quos
1387 1975 1461 2023 vel
1492 1992 1578 2040 per
1600 1975 1779 2041 plateas
1798 1983 1963 2023 coram

544 2052 727 2101 civibus
744 2054 836 2101 loci
853 2053 1136 2117 jugulabant
1155 2063 1202 2100 et
1225 2052 1583 2118 discerpebant,
1601 2053 1675 2100 vel
1696 2051 1759 2100 ad
1781 2051 1962 2101 flumen

544 2132 775 2195 Sequanae
788 2130 881 2178 illic
896 2131 1140 2196 profluens
1158 2131 1402 2191 ducentes,
1419 2131 1466 2177 in
1488 2130 1622 2194 aquis
1642 2129 1958 2179 suffocabant.

609 2207 895 2272 Hujusmodi
917 2217 1077 2256 autem
1099 2207 1234 2254 clade
1257 2214 1449 2272 accepta
1465 2243 1477 2266 ‚
1499 2221 1609 2254 cum
1635 2207 1736 2271 jam
1758 2207 1848 2254 alia
1871 2222 1961 2273 op-

543 2283 657 2349 pida
675 2285 751 2332 vel
775 2285 966 2333 castella
991 2285 1039 2332 in
1066 2285 1242 2349 quibus
1270 2284 1531 2347 Anglorum
1559 2283 1775 2349 praesidia
1805 2283 1963 2336 locata

546 2378 646 2410 esse
683 2362 923 2424 sciebant,
965 2362 1160 2427 aggredi
1206 2362 1405 2410 minime
1447 2361 1679 2409 auderent
1699 2380 1725 2420 ,-
1760 2362 1963 2428 sparsim

547 2440 870 2504 unusquisque
903 2439 965 2487 ad
1000 2439 1184 2486 diversa
1213 2439 1408 2487 latibula
1432 2439 1505 2486 vel
1541 2456 1647 2487 suas
1680 2438 1853 2487 domos
1875 2439 1963 2488 ab·

547 2526 737 2575 euntes,
781 2517 992 2582 dissipati
1029 2526 1168 2574 sunt,
1213 2533 1302 2563 nec
1347 2516 1472 2564 ultra
1511 2518 1559 2563 in
1603 2533 1754 2565 unum
1790 2531 1961 2581 agmen

548 2594 715 2642 coacti.
736 2594 1011 2642 Miserabilis
1029 2603 1187 2641 autern
1209 2610 1264 2641 ac
1282 2593 1596 2642 lamentabilis
1619 2595 1778 2642 statim
1803 2611 1830 2643 e
1860 2610 1962 2642 ves-

602 2724 641 2762 1.
672 2724 842 2772 Agressis
860 2719 955 2758 dans
973 2719 1009 2758 le
1032 2719 1254 2758 manuscrit.

602 2782 641 2820 2.
678 2799 693 2814 «ι
716 2782 811 2818 Tant
828 2779 940 2818 firent
958 2778 1146 2818 Cauchois
1164 2782 1281 2830 qu'en
1307 2779 1365 2817 six
1386 2779 1572 2819 semaines
1592 2787 1728 2818 curent
1746 2778 1852 2832 prins
1870 2786 1959 2818 tou-

549 2851 603 2879 tes
623 2841 677 2880 les
699 2841 918 2879 forteresses
930 2839 978 2878 de
997 2842 1118 2888 Caux,
1141 2839 1294 2878 reserve
1310 2839 1524 2880 caudebec.
1547 2843 1594 2879 Et
1613 2852 1762 2880 comme
1780 2839 1958 2891 Franvois
