<?xml version="1.0" encoding="UTF-8"?>
<!DOCTYPE html PUBLIC "-//W3C//DTD XHTML 1.0 Transitional//EN"
    "http://www.w3.org/TR/xhtml1/DTD/xhtml1-transitional.dtd">
<html xmlns="http://www.w3.org/1999/xhtml" xml:lang="en" lang="en">
 <head>
  <title>
</title>
<meta http-equiv="Content-Type" content="text/html;charset=utf-8" />
  <meta name='ocr-system' content='tesseract 3.04.00' />
  <meta name='ocr-capabilities' content='ocr_page ocr_carea ocr_par ocr_line ocrx_word'/>
</head>
<body>
  <div class='ocr_page' id='page_1' title='image "./histoiredesrgn01basiuoft_0471.png"; bbox 0 0 2086 3528; ppageno 0'>
   <div class='ocr_carea' id='block_1_1' title="bbox 0 0 61 3528">
    <p class='ocr_par' dir='ltr' id='par_1_1' title="bbox 0 0 61 3528">
     <span class='ocr_line' id='line_1_1' title="bbox 0 0 61 3528; baseline 0 0"><span class='ocrx_word' id='word_1_1' title='bbox 0 0 61 3528; x_wconf 95' lang='lat' dir='ltr'> </span> 
     </span>
    </p>
   </div>
   <div class='ocr_carea' id='block_1_2' title="bbox 812 338 1705 387">
    <p class='ocr_par' dir='ltr' id='par_1_2' title="bbox 812 338 1705 387">
     <span class='ocr_line' id='line_1_2' title="bbox 812 338 1705 387; baseline 0 -12"><span class='ocrx_word' id='word_1_2' title='bbox 812 338 958 376; x_wconf 88' lang='lat' dir='ltr'><strong>LIBER</strong></span> <span class='ocrx_word' id='word_1_3' title='bbox 984 338 1214 387; x_wconf 87' lang='lat' dir='ltr'><strong>QUINTUS.</strong></span> <span class='ocrx_word' id='word_1_4' title='bbox 1629 338 1705 375; x_wconf 75' lang='lat'>297</span> 
     </span>
    </p>
   </div>
   <div class='ocr_carea' id='block_1_3' title="bbox 275 416 1711 2899">
    <p class='ocr_par' dir='ltr' id='par_1_3' title="bbox 275 416 1711 2507">
     <span class='ocr_line' id='line_1_3' title="bbox 287 416 1708 483; baseline 0.005 -19"><span class='ocrx_word' id='word_1_5' title='bbox 287 424 448 479; x_wconf 88' lang='lat' dir='ltr'>retur,</span> <span class='ocrx_word' id='word_1_6' title='bbox 493 417 604 465; x_wconf 90' lang='lat' dir='ltr'>fecit</span> <span class='ocrx_word' id='word_1_7' title='bbox 635 416 765 468; x_wconf 89' lang='lat' dir='ltr'>idem</span> <span class='ocrx_word' id='word_1_8' title='bbox 800 421 1021 483; x_wconf 87' lang='lat' dir='ltr'>Carolus,</span> <span class='ocrx_word' id='word_1_9' title='bbox 1057 424 1349 470; x_wconf 82' lang='lat' dir='ltr'><strong>Francorum</strong></span> <span class='ocrx_word' id='word_1_10' title='bbox 1389 438 1469 469; x_wconf 88' lang='lat' dir='ltr'>rex</span> <span class='ocrx_word' id='word_1_11' title='bbox 1491 458 1503 481; x_wconf 93' lang='lat'>‚</span> <span class='ocrx_word' id='word_1_12' title='bbox 1541 421 1708 482; x_wconf 85' lang='lat' dir='ltr'>edictis</span> 
     </span>
     <span class='ocr_line' id='line_1_4' title="bbox 286 494 1708 563; baseline 0.005 -22"><span class='ocrx_word' id='word_1_13' title='bbox 286 494 490 561; x_wconf 88' lang='lat' dir='ltr'>publicis</span> <span class='ocrx_word' id='word_1_14' title='bbox 516 513 600 562; x_wconf 82' lang='lat' dir='ltr'>per</span> <span class='ocrx_word' id='word_1_15' title='bbox 629 498 808 563; x_wconf 87' lang='lat' dir='ltr'>oppida</span> <span class='ocrx_word' id='word_1_16' title='bbox 831 500 1071 547; x_wconf 90' lang='lat' dir='ltr'>maritima</span> <span class='ocrx_word' id='word_1_17' title='bbox 1098 510 1144 547; x_wconf 86' lang='lat' dir='ltr'>et</span> <span class='ocrx_word' id='word_1_18' title='bbox 1169 500 1380 547; x_wconf 87' lang='lat' dir='ltr'>civitates</span> <span class='ocrx_word' id='word_1_19' title='bbox 1403 501 1708 549; x_wconf 87' lang='lat' dir='ltr'>Normanniae</span> 
     </span>
     <span class='ocr_line' id='line_1_5' title="bbox 286 564 1710 643; baseline 0.005 -23"><span class='ocrx_word' id='word_1_20' title='bbox 286 573 588 639; x_wconf 88' lang='lat' dir='ltr'>proclamari,</span> <span class='ocrx_word' id='word_1_21' title='bbox 610 587 847 640; x_wconf 90' lang='lat' dir='ltr'>quatenus</span> <span class='ocrx_word' id='word_1_22' title='bbox 870 595 1037 625; x_wconf 89' lang='lat' dir='ltr'>omnes</span> <span class='ocrx_word' id='word_1_23' title='bbox 1059 578 1149 626; x_wconf 91' lang='lat' dir='ltr'>sibi</span> <span class='ocrx_word' id='word_1_24' title='bbox 1172 578 1349 626; x_wconf 88' lang='lat' dir='ltr'>subditi</span> <span class='ocrx_word' id='word_1_25' title='bbox 1367 564 1575 643; x_wconf 86' lang='lat' dir='ltr'>benigne</span> <span class='ocrx_word' id='word_1_26' title='bbox 1597 580 1710 627; x_wconf 88' lang='lat' dir='ltr'>reci·</span> 
     </span>
     <span class='ocr_line' id='line_1_6' title="bbox 285 654 1708 719; baseline 0.004 -21"><span class='ocrx_word' id='word_1_27' title='bbox 285 660 454 716; x_wconf 87' lang='lat' dir='ltr'>perent</span> <span class='ocrx_word' id='word_1_28' title='bbox 474 661 522 698; x_wconf 90' lang='lat' dir='ltr'>et</span> <span class='ocrx_word' id='word_1_29' title='bbox 545 661 800 701; x_wconf 84' lang='lat' dir='ltr'>tractarent</span> <span class='ocrx_word' id='word_1_30' title='bbox 822 671 878 702; x_wconf 86' lang='lat' dir='ltr'>ex</span> <span class='ocrx_word' id='word_1_31' title='bbox 910 654 1072 718; x_wconf 84' lang='lat' dir='ltr'>Anglia</span> <span class='ocrx_word' id='word_1_32' title='bbox 1098 654 1430 713; x_wconf 79' lang='lat' dir='ltr'>advenientes,</span> <span class='ocrx_word' id='word_1_33' title='bbox 1456 656 1540 719; x_wconf 91' lang='lat' dir='ltr'>qui</span> <span class='ocrx_word' id='word_1_34' title='bbox 1559 655 1708 703; x_wconf 87' lang='lat' dir='ltr'>bene-</span> 
     </span>
     <span class='ocr_line' id='line_1_7' title="bbox 286 729 1707 796; baseline 0.004 -21"><span class='ocrx_word' id='word_1_35' title='bbox 286 729 544 776; x_wconf 88' lang='lat' dir='ltr'>volentiam</span> <span class='ocrx_word' id='word_1_36' title='bbox 561 740 607 777; x_wconf 91' lang='lat' dir='ltr'>et</span> <span class='ocrx_word' id='word_1_37' title='bbox 630 732 827 795; x_wconf 78' lang='lat' dir='ltr'>gratiam</span> <span class='ocrx_word' id='word_1_38' title='bbox 844 733 918 779; x_wconf 92' lang='lat' dir='ltr'>sui</span> <span class='ocrx_word' id='word_1_39' title='bbox 939 732 1060 796; x_wconf 88' lang='lat' dir='ltr'>regis</span> <span class='ocrx_word' id='word_1_40' title='bbox 1079 733 1268 780; x_wconf 88' lang='lat' dir='ltr'>Henrici</span> <span class='ocrx_word' id='word_1_41' title='bbox 1285 750 1334 780; x_wconf 87' lang='lat' dir='ltr'>se</span> <span class='ocrx_word' id='word_1_42' title='bbox 1349 733 1529 780; x_wconf 88' lang='lat' dir='ltr'>habere</span> <span class='ocrx_word' id='word_1_43' title='bbox 1546 742 1707 780; x_wconf 76' lang='lat' dir='ltr'>osten-</span> 
     </span>
     <span class='ocr_line' id='line_1_8' title="bbox 284 806 1704 876; baseline 0.002 -23"><span class='ocrx_word' id='word_1_44' title='bbox 284 806 484 863; x_wconf 87' lang='lat' dir='ltr'>derent,</span> <span class='ocrx_word' id='word_1_45' title='bbox 524 808 687 872; x_wconf 88' lang='lat' dir='ltr'>eisque</span> <span class='ocrx_word' id='word_1_46' title='bbox 725 820 771 857; x_wconf 89' lang='lat' dir='ltr'>et</span> <span class='ocrx_word' id='word_1_47' title='bbox 804 809 979 869; x_wconf 83' lang='lat' dir='ltr'>rebuS,</span> <span class='ocrx_word' id='word_1_48' title='bbox 1018 826 1344 876; x_wconf 87' lang='lat' dir='ltr'>quascumque</span> <span class='ocrx_word' id='word_1_49' title='bbox 1380 810 1704 869; x_wconf 86' lang='lat' dir='ltr'>adveherent,</span> 
     </span>
     <span class='ocr_line' id='line_1_9' title="bbox 283 883 1709 954; baseline 0.002 -22"><span class='ocrx_word' id='word_1_50' title='bbox 283 883 404 933; x_wconf 90' lang='lat' dir='ltr'>liber</span> <span class='ocrx_word' id='word_1_51' title='bbox 444 885 682 950; x_wconf 87' lang='lat' dir='ltr'>ingressus</span> <span class='ocrx_word' id='word_1_52' title='bbox 716 897 858 952; x_wconf 86' lang='lat' dir='ltr'>atque</span> <span class='ocrx_word' id='word_1_53' title='bbox 890 889 1114 935; x_wconf 90' lang='lat' dir='ltr'>transitus</span> <span class='ocrx_word' id='word_1_54' title='bbox 1147 905 1232 954; x_wconf 89' lang='lat' dir='ltr'>per</span> <span class='ocrx_word' id='word_1_55' title='bbox 1269 898 1463 954; x_wconf 89' lang='lat' dir='ltr'>portus,</span> <span class='ocrx_word' id='word_1_56' title='bbox 1494 889 1709 936; x_wconf 86' lang='lat' dir='ltr'>civitates</span> 
     </span>
     <span class='ocr_line' id='line_1_10' title="bbox 284 964 1707 1030; baseline 0.002 -21"><span class='ocrx_word' id='word_1_57' title='bbox 284 972 426 1027; x_wconf 85' lang='lat' dir='ltr'>atque</span> <span class='ocrx_word' id='word_1_58' title='bbox 457 964 638 1029; x_wconf 87' lang='lat' dir='ltr'>oppida</span> <span class='ocrx_word' id='word_1_59' title='bbox 668 965 875 1013; x_wconf 83' lang='lat' dir='ltr'>Franciae</span> <span class='ocrx_word' id='word_1_60' title='bbox 904 965 1210 1030; x_wconf 74' lang='lat' dir='ltr'>praeberetur.</span> <span class='ocrx_word' id='word_1_61' title='bbox 1244 969 1295 1012; x_wconf 92' lang='lat' dir='ltr'>ln</span> <span class='ocrx_word' id='word_1_62' title='bbox 1326 982 1425 1030; x_wconf 88' lang='lat' dir='ltr'>quo</span> <span class='ocrx_word' id='word_1_63' title='bbox 1461 982 1574 1012; x_wconf 90' lang='lat' dir='ltr'>cum</span> <span class='ocrx_word' id='word_1_64' title='bbox 1606 981 1707 1012; x_wconf 90' lang='lat' dir='ltr'>non</span> 
     </span>
     <span class='ocr_line' id='line_1_11' title="bbox 283 1042 1708 1109; baseline 0.001 -21"><span class='ocrx_word' id='word_1_65' title='bbox 283 1057 453 1106; x_wconf 90' lang='lat' dir='ltr'>parum</span> <span class='ocrx_word' id='word_1_66' title='bbox 477 1042 652 1090; x_wconf 88' lang='lat' dir='ltr'>favoris</span> <span class='ocrx_word' id='word_1_67' title='bbox 675 1054 721 1090; x_wconf 92' lang='lat' dir='ltr'>et</span> <span class='ocrx_word' id='word_1_68' title='bbox 745 1044 900 1091; x_wconf 89' lang='lat' dir='ltr'>solatii</span> <span class='ocrx_word' id='word_1_69' title='bbox 931 1044 1021 1109; x_wconf 90' lang='lat' dir='ltr'>ipsi</span> <span class='ocrx_word' id='word_1_70' title='bbox 1050 1044 1147 1109; x_wconf 87' lang='lat' dir='ltr'>regi</span> <span class='ocrx_word' id='word_1_71' title='bbox 1183 1044 1391 1091; x_wconf 61' lang='lat' dir='ltr'>Hem-ico</span> <span class='ocrx_word' id='word_1_72' title='bbox 1414 1053 1635 1109; x_wconf 89' lang='lat' dir='ltr'>praestare</span> <span class='ocrx_word' id='word_1_73' title='bbox 1658 1060 1708 1090; x_wconf 90' lang='lat' dir='ltr'>se</span> 
     </span>
     <span class='ocr_line' id='line_1_12' title="bbox 283 1118 1711 1187; baseline 0.002 -22"><span class='ocrx_word' id='word_1_74' title='bbox 283 1118 608 1178; x_wconf 87' lang='lat' dir='ltr'>arbitraretur,</span> <span class='ocrx_word' id='word_1_75' title='bbox 626 1131 861 1186; x_wconf 88' lang='lat' dir='ltr'>quantum</span> <span class='ocrx_word' id='word_1_76' title='bbox 886 1130 1048 1169; x_wconf 89' lang='lat' dir='ltr'>tamen</span> <span class='ocrx_word' id='word_1_77' title='bbox 1076 1121 1335 1187; x_wconf 88' lang='lat' dir='ltr'>praejudicii</span> <span class='ocrx_word' id='word_1_78' title='bbox 1358 1131 1502 1186; x_wconf 91' lang='lat' dir='ltr'>atque</span> <span class='ocrx_word' id='word_1_79' title='bbox 1517 1121 1711 1185; x_wconf 73' lang='lat' dir='ltr'>jactur&#39;ae</span> 
     </span>
     <span class='ocr_line' id='line_1_13' title="bbox 275 1196 1708 1266; baseline 0.003 -24"><span class='ocrx_word' id='word_1_80' title='bbox 275 1196 332 1266; x_wconf 31' lang='lat' dir='ltr'>‚id</span> <span class='ocrx_word' id='word_1_81' title='bbox 355 1198 398 1244; x_wconf 86' lang='lat' dir='ltr'>ei</span> <span class='ocrx_word' id='word_1_82' title='bbox 422 1198 716 1263; x_wconf 88' lang='lat' dir='ltr'>importarit‚</span> <span class='ocrx_word' id='word_1_83' title='bbox 746 1210 1076 1265; x_wconf 89' lang='lat' dir='ltr'>quantumque</span> <span class='ocrx_word' id='word_1_84' title='bbox 1099 1217 1127 1247; x_wconf 91' lang='lat' dir='ltr'>a</span> <span class='ocrx_word' id='word_1_85' title='bbox 1154 1217 1202 1247; x_wconf 92' lang='lat' dir='ltr'>se</span> <span class='ocrx_word' id='word_1_86' title='bbox 1226 1199 1437 1247; x_wconf 88' lang='lat' dir='ltr'>favorem</span> <span class='ocrx_word' id='word_1_87' title='bbox 1464 1199 1708 1264; x_wconf 83' lang='lat' dir='ltr'>Anglicani</span> 
     </span>
     <span class='ocr_line' id='line_1_14' title="bbox 282 1273 1708 1340; baseline 0.002 -21"><span class='ocrx_word' id='word_1_88' title='bbox 282 1273 447 1337; x_wconf 88' lang='lat' dir='ltr'>populi</span> <span class='ocrx_word' id='word_1_89' title='bbox 481 1274 788 1336; x_wconf 74' lang='lat' dir='ltr'>abalienat-it,</span> <span class='ocrx_word' id='word_1_90' title='bbox 817 1275 1032 1340; x_wconf 83' lang='lat' dir='ltr'>profecto</span> <span class='ocrx_word' id='word_1_91' title='bbox 1065 1292 1171 1340; x_wconf 85' lang='lat' dir='ltr'>quae</span> <span class='ocrx_word' id='word_1_92' title='bbox 1201 1292 1227 1322; x_wconf 91' lang='lat' dir='ltr'>e</span> <span class='ocrx_word' id='word_1_93' title='bbox 1251 1275 1451 1339; x_wconf 89' lang='lat' dir='ltr'>vestigio</span> <span class='ocrx_word' id='word_1_94' title='bbox 1481 1274 1708 1322; x_wconf 86' lang='lat' dir='ltr'>adversus</span> 
     </span>
     <span class='ocr_line' id='line_1_15' title="bbox 282 1351 1704 1416; baseline 0.003 -20"><span class='ocrx_word' id='word_1_95' title='bbox 282 1365 393 1396; x_wconf 88' lang='lat' dir='ltr'>eum</span> <span class='ocrx_word' id='word_1_96' title='bbox 410 1351 580 1398; x_wconf 92' lang='lat' dir='ltr'>seditio</span> <span class='ocrx_word' id='word_1_97' title='bbox 597 1352 646 1399; x_wconf 93' lang='lat' dir='ltr'>in</span> <span class='ocrx_word' id='word_1_98' title='bbox 660 1352 825 1416; x_wconf 89' lang='lat' dir='ltr'>Anglia</span> <span class='ocrx_word' id='word_1_99' title='bbox 844 1354 1081 1400; x_wconf 86' lang='lat' dir='ltr'>concitata</span> <span class='ocrx_word' id='word_1_100' title='bbox 1097 1363 1184 1411; x_wconf 89' lang='lat' dir='ltr'>est,</span> <span class='ocrx_word' id='word_1_101' title='bbox 1198 1352 1462 1400; x_wconf 89' lang='lat' dir='ltr'>luculenter</span> <span class='ocrx_word' id='word_1_102' title='bbox 1478 1352 1704 1400; x_wconf 89' lang='lat' dir='ltr'>ostendit.</span> 
     </span>
     <span class='ocr_line' id='line_1_16' title="bbox 282 1429 1706 1496; baseline 0.002 -22"><span class='ocrx_word' id='word_1_103' title='bbox 282 1429 533 1476; x_wconf 89' lang='lat' dir='ltr'>Sumentes</span> <span class='ocrx_word' id='word_1_104' title='bbox 557 1431 686 1477; x_wconf 88' lang='lat' dir='ltr'>enim</span> <span class='ocrx_word' id='word_1_105' title='bbox 709 1431 821 1478; x_wconf 91' lang='lat' dir='ltr'>inde</span> <span class='ocrx_word' id='word_1_106' title='bbox 852 1431 1033 1496; x_wconf 80' lang='lat' dir='ltr'>praef&#39;ati</span> <span class='ocrx_word' id='word_1_107' title='bbox 1057 1431 1155 1478; x_wconf 85' lang='lat' dir='ltr'>dux</span> <span class='ocrx_word' id='word_1_108' title='bbox 1191 1429 1418 1491; x_wconf 85' lang='lat' dir='ltr'>Eboraci,</span> <span class='ocrx_word' id='word_1_109' title='bbox 1447 1447 1610 1477; x_wconf 90' lang='lat' dir='ltr'>comes</span> <span class='ocrx_word' id='word_1_110' title='bbox 1645 1431 1706 1477; x_wconf 89' lang='lat' dir='ltr'>de</span> 
     </span>
     <span class='ocr_line' id='line_1_17' title="bbox 285 1507 1708 1573; baseline 0.001 -21"><span class='ocrx_word' id='word_1_111' title='bbox 285 1507 513 1554; x_wconf 70' lang='lat' dir='ltr'>Warvich</span> <span class='ocrx_word' id='word_1_112' title='bbox 568 1517 614 1555; x_wconf 89' lang='lat' dir='ltr'>et</span> <span class='ocrx_word' id='word_1_113' title='bbox 663 1525 858 1555; x_wconf 87' lang='lat' dir='ltr'>suarum</span> <span class='ocrx_word' id='word_1_114' title='bbox 902 1509 1111 1573; x_wconf 88' lang='lat' dir='ltr'>partium</span> <span class='ocrx_word' id='word_1_115' title='bbox 1157 1507 1358 1555; x_wconf 90' lang='lat' dir='ltr'>studiosi</span> <span class='ocrx_word' id='word_1_116' title='bbox 1405 1508 1708 1555; x_wconf 88' lang='lat' dir='ltr'>occasionem</span> 
     </span>
     <span class='ocr_line' id='line_1_18' title="bbox 281 1583 1709 1651; baseline 0.002 -22"><span class='ocrx_word' id='word_1_117' title='bbox 281 1583 565 1632; x_wconf 89' lang='lat' dir='ltr'>seducendae</span> <span class='ocrx_word' id='word_1_118' title='bbox 597 1585 772 1651; x_wconf 92' lang='lat' dir='ltr'>plebis,</span> <span class='ocrx_word' id='word_1_119' title='bbox 795 1584 1114 1650; x_wconf 86' lang='lat' dir='ltr'>suggerebant</span> <span class='ocrx_word' id='word_1_120' title='bbox 1141 1595 1215 1645; x_wconf 92' lang='lat' dir='ltr'>et,</span> <span class='ocrx_word' id='word_1_121' title='bbox 1242 1585 1534 1649; x_wconf 89' lang='lat' dir='ltr'>ubicumque</span> <span class='ocrx_word' id='word_1_122' title='bbox 1570 1595 1709 1650; x_wconf 87' lang='lat' dir='ltr'>pote-</span> 
     </span>
     <span class='ocr_line' id='line_1_19' title="bbox 281 1661 1708 1726; baseline 0.001 -20"><span class='ocrx_word' id='word_1_123' title='bbox 281 1670 418 1720; x_wconf 86' lang='lat' dir='ltr'>rant,</span> <span class='ocrx_word' id='word_1_124' title='bbox 455 1661 870 1724; x_wconf 80' lang='lat' dir='ltr'>disseminabant,</span> <span class='ocrx_word' id='word_1_125' title='bbox 907 1663 1167 1709; x_wconf 86' lang='lat' dir='ltr'>Henricum</span> <span class='ocrx_word' id='word_1_126' title='bbox 1203 1678 1364 1725; x_wconf 88' lang='lat' dir='ltr'>regem</span> <span class='ocrx_word' id='word_1_127' title='bbox 1398 1662 1508 1725; x_wconf 86' lang='lat' dir='ltr'>jura</span> <span class='ocrx_word' id='word_1_128' title='bbox 1548 1661 1708 1726; x_wconf 87' lang='lat' dir='ltr'>Angli-</span> 
     </span>
     <span class='ocr_line' id='line_1_20' title="bbox 281 1739 1707 1806; baseline 0.002 -22"><span class='ocrx_word' id='word_1_129' title='bbox 281 1753 410 1785; x_wconf 87' lang='lat' dir='ltr'>canae</span> <span class='ocrx_word' id='word_1_130' title='bbox 433 1756 626 1788; x_wconf 87' lang='lat' dir='ltr'>coronae</span> <span class='ocrx_word' id='word_1_131' title='bbox 646 1741 694 1787; x_wconf 92' lang='lat' dir='ltr'>in</span> <span class='ocrx_word' id='word_1_132' title='bbox 714 1741 790 1788; x_wconf 92' lang='lat' dir='ltr'>his</span> <span class='ocrx_word' id='word_1_133' title='bbox 804 1739 1009 1805; x_wconf 86' lang='lat' dir='ltr'>juribus,</span> <span class='ocrx_word' id='word_1_134' title='bbox 1033 1757 1137 1804; x_wconf 87' lang='lat' dir='ltr'>quae</span> <span class='ocrx_word' id='word_1_135' title='bbox 1160 1739 1462 1806; x_wconf 85' lang='lat' dir='ltr'>praetendunt</span> <span class='ocrx_word' id='word_1_136' title='bbox 1484 1739 1532 1786; x_wconf 91' lang='lat' dir='ltr'>in</span> <span class='ocrx_word' id='word_1_137' title='bbox 1558 1756 1707 1804; x_wconf 86' lang='lat' dir='ltr'>regno</span> 
     </span>
     <span class='ocr_line' id='line_1_21' title="bbox 279 1818 1707 1883; baseline 0.001 -20"><span class='ocrx_word' id='word_1_138' title='bbox 279 1818 490 1865; x_wconf 85' lang='lat' dir='ltr'>Franciae</span> <span class='ocrx_word' id='word_1_139' title='bbox 512 1829 558 1866; x_wconf 89' lang='lat' dir='ltr'>et</span> <span class='ocrx_word' id='word_1_140' title='bbox 590 1819 842 1867; x_wconf 88' lang='lat' dir='ltr'>ducatibus</span> <span class='ocrx_word' id='word_1_141' title='bbox 864 1819 1168 1866; x_wconf 88' lang='lat' dir='ltr'>Normanniae</span> <span class='ocrx_word' id='word_1_142' title='bbox 1193 1828 1238 1866; x_wconf 90' lang='lat' dir='ltr'>et</span> <span class='ocrx_word' id='word_1_143' title='bbox 1274 1818 1557 1883; x_wconf 85' lang='lat' dir='ltr'>Aquitaniae,</span> <span class='ocrx_word' id='word_1_144' title='bbox 1584 1818 1707 1865; x_wconf 88' lang='lat' dir='ltr'>velle</span> 
     </span>
     <span class='ocr_line' id='line_1_22' title="bbox 280 1895 1706 1962; baseline 0.001 -21"><span class='ocrx_word' id='word_1_145' title='bbox 280 1895 515 1956; x_wconf 82' lang='lat' dir='ltr'>alienare3</span> <span class='ocrx_word' id='word_1_146' title='bbox 554 1907 601 1944; x_wconf 91' lang='lat' dir='ltr'>et</span> <span class='ocrx_word' id='word_1_147' title='bbox 639 1897 699 1944; x_wconf 93' lang='lat' dir='ltr'>de</span> <span class='ocrx_word' id='word_1_148' title='bbox 732 1897 881 1958; x_wconf 84' lang='lat' dir='ltr'>sacto,</span> <span class='ocrx_word' id='word_1_149' title='bbox 918 1895 1319 1962; x_wconf 86' lang='lat' dir='ltr'>promissionibus</span> <span class='ocrx_word' id='word_1_150' title='bbox 1363 1895 1495 1942; x_wconf 85' lang='lat' dir='ltr'>sactis</span> <span class='ocrx_word' id='word_1_151' title='bbox 1533 1895 1595 1942; x_wconf 91' lang='lat' dir='ltr'>de</span> <span class='ocrx_word' id='word_1_152' title='bbox 1626 1912 1706 1942; x_wconf 91' lang='lat' dir='ltr'>ce-</span> 
     </span>
     <span class='ocr_line' id='line_1_23' title="bbox 280 1973 1706 2038; baseline 0.001 -19"><span class='ocrx_word' id='word_1_153' title='bbox 280 1973 443 2021; x_wconf 91' lang='lat' dir='ltr'>dendo</span> <span class='ocrx_word' id='word_1_154' title='bbox 474 1985 521 2022; x_wconf 90' lang='lat' dir='ltr'>et</span> <span class='ocrx_word' id='word_1_155' title='bbox 548 1975 873 2023; x_wconf 87' lang='lat' dir='ltr'>renuntiando</span> <span class='ocrx_word' id='word_1_156' title='bbox 905 1975 1111 2035; x_wconf 90' lang='lat' dir='ltr'>eisdem,</span> <span class='ocrx_word' id='word_1_157' title='bbox 1135 1975 1235 2038; x_wconf 86' lang='lat' dir='ltr'>jam</span> <span class='ocrx_word' id='word_1_158' title='bbox 1269 1991 1379 2022; x_wconf 91' lang='lat' dir='ltr'>cum</span> <span class='ocrx_word' id='word_1_159' title='bbox 1409 1977 1706 2021; x_wconf 87' lang='lat' dir='ltr'>Francorum</span> 
     </span>
     <span class='ocr_line' id='line_1_24' title="bbox 279 2052 1708 2120; baseline 0.001 -23"><span class='ocrx_word' id='word_1_160' title='bbox 279 2067 389 2116; x_wconf 90' lang='lat' dir='ltr'>rege</span> <span class='ocrx_word' id='word_1_161' title='bbox 421 2053 652 2101; x_wconf 83' lang='lat' dir='ltr'>amicitias</span> <span class='ocrx_word' id='word_1_162' title='bbox 683 2054 963 2120; x_wconf 82' lang='lat' dir='ltr'>copulasse3</span> <span class='ocrx_word' id='word_1_163' title='bbox 995 2064 1070 2114; x_wconf 89' lang='lat' dir='ltr'>et,</span> <span class='ocrx_word' id='word_1_164' title='bbox 1106 2070 1193 2119; x_wconf 89' lang='lat' dir='ltr'>per</span> <span class='ocrx_word' id='word_1_165' title='bbox 1220 2052 1337 2114; x_wconf 90' lang='lat' dir='ltr'>hoc,</span> <span class='ocrx_word' id='word_1_166' title='bbox 1377 2052 1510 2116; x_wconf 86' lang='lat' dir='ltr'>regni</span> <span class='ocrx_word' id='word_1_167' title='bbox 1540 2052 1708 2117; x_wconf 90' lang='lat' dir='ltr'>prodi-</span> 
     </span>
     <span class='ocr_line' id='line_1_25' title="bbox 278 2129 1701 2196; baseline 0.001 -20"><span class='ocrx_word' id='word_1_168' title='bbox 278 2139 432 2177; x_wconf 87' lang='lat' dir='ltr'>torem</span> <span class='ocrx_word' id='word_1_169' title='bbox 477 2132 637 2196; x_wconf 92' lang='lat' dir='ltr'>potius</span> <span class='ocrx_word' id='word_1_170' title='bbox 675 2148 820 2196; x_wconf 84' lang='lat' dir='ltr'>quam</span> <span class='ocrx_word' id='word_1_171' title='bbox 857 2132 1121 2195; x_wconf 88' lang='lat' dir='ltr'>legitimum</span> <span class='ocrx_word' id='word_1_172' title='bbox 1164 2147 1214 2179; x_wconf 90' lang='lat' dir='ltr'>se</span> <span class='ocrx_word' id='word_1_173' title='bbox 1256 2147 1418 2195; x_wconf 87' lang='lat' dir='ltr'>regem</span> <span class='ocrx_word' id='word_1_174' title='bbox 1458 2129 1701 2178; x_wconf 83' lang='lat' dir='ltr'>exhibere.</span> 
     </span>
     <span class='ocr_line' id='line_1_26' title="bbox 278 2206 1707 2275; baseline 0.001 -23"><span class='ocrx_word' id='word_1_175' title='bbox 278 2207 463 2266; x_wconf 84' lang='lat' dir='ltr'>Quibus</span> <span class='ocrx_word' id='word_1_176' title='bbox 495 2209 876 2273; x_wconf 86' lang='lat' dir='ltr'>suggestionibus</span> <span class='ocrx_word' id='word_1_177' title='bbox 912 2209 1079 2275; x_wconf 90' lang='lat' dir='ltr'>populi</span> <span class='ocrx_word' id='word_1_178' title='bbox 1113 2207 1354 2271; x_wconf 84' lang='lat' dir='ltr'>Anglicani</span> <span class='ocrx_word' id='word_1_179' title='bbox 1386 2206 1594 2272; x_wconf 90' lang='lat' dir='ltr'>impletis</span> <span class='ocrx_word' id='word_1_180' title='bbox 1625 2224 1707 2255; x_wconf 89' lang='lat' dir='ltr'>au-</span> 
     </span>
     <span class='ocr_line' id='line_1_27' title="bbox 278 2284 1705 2352; baseline -0.001 -20"><span class='ocrx_word' id='word_1_181' title='bbox 278 2284 436 2346; x_wconf 86' lang='lat' dir='ltr'>ribus,</span> <span class='ocrx_word' id='word_1_182' title='bbox 461 2287 640 2352; x_wconf 86' lang='lat' dir='ltr'>praesati</span> <span class='ocrx_word' id='word_1_183' title='bbox 657 2287 755 2335; x_wconf 85' lang='lat' dir='ltr'>dux</span> <span class='ocrx_word' id='word_1_184' title='bbox 781 2299 828 2335; x_wconf 89' lang='lat' dir='ltr'>et</span> <span class='ocrx_word' id='word_1_185' title='bbox 849 2305 1011 2335; x_wconf 90' lang='lat' dir='ltr'>comes</span> <span class='ocrx_word' id='word_1_186' title='bbox 1034 2303 1230 2351; x_wconf 86' lang='lat' dir='ltr'>magnas</span> <span class='ocrx_word' id='word_1_187' title='bbox 1253 2285 1418 2332; x_wconf 88' lang='lat' dir='ltr'>turbas</span> <span class='ocrx_word' id='word_1_188' title='bbox 1444 2302 1529 2350; x_wconf 93' lang='lat' dir='ltr'>per</span> <span class='ocrx_word' id='word_1_189' title='bbox 1547 2295 1705 2333; x_wconf 89' lang='lat' dir='ltr'>totum</span> 
     </span>
     <span class='ocr_line' id='line_1_28' title="bbox 279 2363 1705 2429; baseline 0.001 -21"><span class='ocrx_word' id='word_1_190' title='bbox 279 2379 479 2426; x_wconf 88' lang='lat' dir='ltr'>regnum</span> <span class='ocrx_word' id='word_1_191' title='bbox 515 2365 692 2429; x_wconf 84' lang='lat' dir='ltr'>Angliae</span> <span class='ocrx_word' id='word_1_192' title='bbox 726 2364 953 2412; x_wconf 89' lang='lat' dir='ltr'>adversus</span> <span class='ocrx_word' id='word_1_193' title='bbox 997 2365 1260 2412; x_wconf 87' lang='lat' dir='ltr'>Henricum</span> <span class='ocrx_word' id='word_1_194' title='bbox 1296 2379 1458 2427; x_wconf 81' lang='lat' dir='ltr'>regem</span> <span class='ocrx_word' id='word_1_195' title='bbox 1505 2363 1705 2410; x_wconf 89' lang='lat' dir='ltr'>seditio-</span> 
     </span>
     <span class='ocr_line' id='line_1_29' title="bbox 279 2442 1248 2507; baseline 0.002 -21"><span class='ocrx_word' id='word_1_196' title='bbox 279 2456 459 2505; x_wconf 89' lang='lat' dir='ltr'>nesque</span> <span class='ocrx_word' id='word_1_197' title='bbox 483 2442 906 2507; x_wconf 89' lang='lat' dir='ltr'>periculosissimas</span> <span class='ocrx_word' id='word_1_198' title='bbox 927 2443 1248 2491; x_wconf 88' lang='lat' dir='ltr'>concitarunt.</span> 
     </span>
    </p>

    <p class='ocr_par' dir='ltr' id='par_1_4' title="bbox 277 2517 1705 2899">
     <span class='ocr_line' id='line_1_30' title="bbox 345 2517 1704 2585; baseline -0.001 -21"><span class='ocrx_word' id='word_1_199' title='bbox 345 2521 451 2583; x_wconf 90' lang='lat' dir='ltr'>Ipse</span> <span class='ocrx_word' id='word_1_200' title='bbox 467 2536 583 2567; x_wconf 85' lang='lat' dir='ltr'>vero</span> <span class='ocrx_word' id='word_1_201' title='bbox 603 2523 836 2568; x_wconf 90' lang='lat' dir='ltr'>Henricus</span> <span class='ocrx_word' id='word_1_202' title='bbox 858 2531 904 2568; x_wconf 88' lang='lat' dir='ltr'>et</span> <span class='ocrx_word' id='word_1_203' title='bbox 928 2521 1028 2585; x_wconf 86' lang='lat' dir='ltr'>ejus</span> <span class='ocrx_word' id='word_1_204' title='bbox 1045 2520 1240 2584; x_wconf 89' lang='lat' dir='ltr'>conjux,</span> <span class='ocrx_word' id='word_1_205' title='bbox 1258 2518 1352 2566; x_wconf 84' lang='lat' dir='ltr'>filia</span> <span class='ocrx_word' id='word_1_206' title='bbox 1371 2518 1555 2578; x_wconf 84' lang='lat' dir='ltr'>Renati,</span> <span class='ocrx_word' id='word_1_207' title='bbox 1571 2517 1704 2564; x_wconf 90' lang='lat' dir='ltr'>Sicu-</span> 
     </span>
     <span class='ocr_line' id='line_1_31' title="bbox 277 2594 1705 2665; baseline -0.001 -22"><span class='ocrx_word' id='word_1_208' title='bbox 277 2594 435 2644; x_wconf 92' lang='lat' dir='ltr'>lorum</span> <span class='ocrx_word' id='word_1_209' title='bbox 471 2598 612 2660; x_wconf 86' lang='lat' dir='ltr'>regis,</span> <span class='ocrx_word' id='word_1_210' title='bbox 650 2599 818 2646; x_wconf 90' lang='lat' dir='ltr'>mulier</span> <span class='ocrx_word' id='word_1_211' title='bbox 852 2600 1066 2665; x_wconf 87' lang='lat' dir='ltr'>prudens</span> <span class='ocrx_word' id='word_1_212' title='bbox 1102 2608 1147 2645; x_wconf 86' lang='lat' dir='ltr'>et</span> <span class='ocrx_word' id='word_1_213' title='bbox 1181 2598 1422 2653; x_wconf 88' lang='lat' dir='ltr'>animosa,</span> <span class='ocrx_word' id='word_1_214' title='bbox 1455 2613 1566 2643; x_wconf 91' lang='lat' dir='ltr'>cum</span> <span class='ocrx_word' id='word_1_215' title='bbox 1597 2596 1705 2660; x_wconf 91' lang='lat' dir='ltr'>plu-</span> 
     </span>
     <span class='ocr_line' id='line_1_32' title="bbox 278 2673 1704 2743; baseline -0.001 -22"><span class='ocrx_word' id='word_1_216' title='bbox 278 2673 412 2721; x_wconf 91' lang='lat' dir='ltr'>ribus</span> <span class='ocrx_word' id='word_1_217' title='bbox 451 2676 587 2739; x_wconf 83' lang='lat' dir='ltr'>regni</span> <span class='ocrx_word' id='word_1_218' title='bbox 626 2677 921 2743; x_wconf 88' lang='lat' dir='ltr'>principibus</span> <span class='ocrx_word' id='word_1_219' title='bbox 959 2677 1280 2742; x_wconf 88' lang='lat' dir='ltr'>periculosum</span> <span class='ocrx_word' id='word_1_220' title='bbox 1315 2691 1477 2721; x_wconf 88' lang='lat' dir='ltr'>rerum</span> <span class='ocrx_word' id='word_1_221' title='bbox 1509 2689 1704 2720; x_wconf 88' lang='lat' dir='ltr'>suarum</span> 
     </span>
     <span class='ocr_line' id='line_1_33' title="bbox 279 2752 1703 2821; baseline -0.001 -22"><span class='ocrx_word' id='word_1_222' title='bbox 279 2762 455 2800; x_wconf 87' lang='lat' dir='ltr'>statum</span> <span class='ocrx_word' id='word_1_223' title='bbox 479 2763 621 2818; x_wconf 90' lang='lat' dir='ltr'>atque</span> <span class='ocrx_word' id='word_1_224' title='bbox 646 2756 903 2820; x_wconf 88' lang='lat' dir='ltr'>ancipitem</span> <span class='ocrx_word' id='word_1_225' title='bbox 925 2756 1248 2821; x_wconf 80' lang='lat' dir='ltr'>inspicienteS,</span> <span class='ocrx_word' id='word_1_226' title='bbox 1277 2770 1334 2799; x_wconf 81' lang='lat' dir='ltr'>ex</span> <span class='ocrx_word' id='word_1_227' title='bbox 1360 2752 1562 2800; x_wconf 89' lang='lat' dir='ltr'>adverso</span> <span class='ocrx_word' id='word_1_228' title='bbox 1585 2768 1703 2798; x_wconf 90' lang='lat' dir='ltr'>con-</span> 
     </span>
     <span class='ocr_line' id='line_1_34' title="bbox 280 2829 1700 2899; baseline -0.001 -21"><span class='ocrx_word' id='word_1_229' title='bbox 280 2831 439 2878; x_wconf 80' lang='lat' dir='ltr'>tractis</span> <span class='ocrx_word' id='word_1_230' title='bbox 473 2831 687 2897; x_wconf 89' lang='lat' dir='ltr'>undique</span> <span class='ocrx_word' id='word_1_231' title='bbox 719 2832 898 2880; x_wconf 83' lang='lat' dir='ltr'>viribus</span> <span class='ocrx_word' id='word_1_232' title='bbox 930 2843 976 2881; x_wconf 86' lang='lat' dir='ltr'>et</span> <span class='ocrx_word' id='word_1_233' title='bbox 1008 2833 1243 2899; x_wconf 86' lang='lat' dir='ltr'>praecipue</span> <span class='ocrx_word' id='word_1_234' title='bbox 1265 2830 1526 2878; x_wconf 87' lang='lat' dir='ltr'>nobilitatis</span> <span class='ocrx_word' id='word_1_235' title='bbox 1549 2829 1700 2895; x_wconf 85' lang='lat' dir='ltr'>regni,</span> 
     </span>
    </p>
   </div>
  </div>
 </body>
</html>
