2086 3528
702 357 847 398 met
873 360 1118 408 QUARTUS.
1549 362 1626 398 215

215 443 346 490 villas
368 443 444 491 vel
474 442 613 490 silvas
633 442 725 490 hac
756 451 898 507 atque
927 442 1036 490 illac
1059 442 1363 507 confugerat,
1391 458 1492 490 sese
1512 442 1629 490 effu-

214 521 363 570 derat.
413 522 509 580 Qui
551 522 638 569 etsi
678 538 846 569 omnes
890 522 951 570 ad
1001 521 1355 572 defendendam
1390 522 1629 570 civitatem

213 599 400 647 animos
421 598 765 665 applicassent,
792 608 891 647 tam
907 601 1061 648 tenuis
1089 610 1252 648 tamen
1275 584 1376 650 erat
1395 599 1491 647 loci
1521 618 1632 649 mu-

214 676 359 738 nitio,
394 685 440 723 et
466 685 565 724 tam
596 675 782 724 validus
814 686 861 725 et
893 686 1088 742 potens,
1129 677 1214 742 qui
1243 676 1408 725 aderat
1438 676 1500 725 ad
1525 694 1632 725 eam

215 753 606 820 expugnandam,
634 755 891 816 exercitus,
918 755 1078 820 quod,
1102 755 1275 823 procul
1295 755 1446 803 dubio
1463 793 1476 815 ‚
1502 755 1634 804 nulla

215 830 277 879 ad
301 829 630 880 obsistendum
653 841 701 880 et
723 832 1056 880 reluctandum
1071 871 1084 892 ‚
1109 835 1208 881 non
1237 833 1385 881 modo
1409 833 1631 896 facultas,

215 908 300 958 sed
337 925 426 957 nec
462 909 742 976 apparentia
775 909 934 975 aliqua
967 921 1091 973 erat,
1127 928 1224 978 qua
1268 911 1318 959 id
1349 910 1452 960 fieri
1494 928 1635 977 posse

216 986 454 1036 ullatenus
474 988 654 1054 sperari
677 987 959 1037 debuisset¹.

657 1194 1000 1241 CAPITULUM
1032 1195 1197 1241 XVIII.

272 1321 468 1360 Con-ilium
495 1321 594 1370 quod
622 1322 749 1358 Franci
773 1322 812 1358 in
838 1322 976 1359 civitate
1003 1323 1213 1360 Lexoviensi
1243 1330 1456 1371 acceperunt
1479 1334 1585 1371 super

763 1382 909 1418 ulterius
931 1382 1090 1431 agendis.

282 1511 424 1557 Facta
445 1517 605 1556 autem
627 1508 829 1555 civitatis
850 1507 1097 1555 deditione
1115 1544 1126 1566 ‚
1153 1507 1324 1554 eodem
1347 1522 1502 1572 prope
1532 1506 1637 1566 die,

217 1604 305 1653 per
325 1587 513 1635 diversa
540 1587 647 1634 loca
670 1585 909 1646 dioecesiS‚
929 1584 1019 1631 ubi
1043 1584 1203 1649 aliqua
1223 1584 1412 1633 castella
1439 1584 1515 1631 vel
1539 1600 1643 1631 mu-

218 1665 426 1713 nitiones
460 1663 720 1730 Anglorum
758 1672 916 1724 erant,
948 1662 1318 1710 adventantibus
1348 1666 1643 1709 Francorum

219 1743 512 1809 agminibus,
532 1759 701 1790 omnes
723 1741 1058 1806 hujuscemodi
1086 1742 1378 1788 munitiones
1405 1755 1504 1787 una
1530 1755 1643 1786 cum

220 1822 410 1869 civitate
433 1830 633 1885 receptae
648 1829 777 1878 sunt,
799 1836 849 1866 se
863 1818 1126 1884 expugnari
1147 1818 1347 1865 minime
1369 1825 1644 1882 exspectan-

222 1910 308 1948 tes.
336 1900 444 1947 Tria
467 1909 626 1947 autem
650 1898 895 1945 dumtaxat
917 1896 1025 1943 loca
1057 1894 1118 1944 de
1149 1905 1251 1944 tota
1271 1893 1349 1944 illa
1373 1893 1563 1943 dioecesi
1594 1893 1643 1939 in

275 2067 293 2104 1
305 2097 315 2107 .
343 2062 596 2117 Rapprocher
617 2062 667 2102 de
685 2075 730 2102 ce
748 2062 844 2101 recit
860 2061 961 2101 celui
977 2075 1054 2113 que
1073 2062 1156 2113 fait,
1182 2062 1277 2102 dans
1297 2075 1374 2101 une
1398 2062 1511 2100 lettre
1534 2056 1646 2097 datee

221 2126 275 2164 du
303 2127 355 2164 25
383 2123 601 2176 septembre
629 2125 733 2161 1449
749 2152 761 2171 ,
784 2122 1004 2161 Guillaume
1030 2123 1234 2171 Cousinot‚
1265 2123 1333 2174 qui
1354 2118 1647 2173 accompagnait

221 2185 378 2224 l’armee
395 2184 581 2235 srancaise
600 2185 834 2234 (Thesaurus
849 2184 1128 2232 anecdotorum,
1150 2191 1177 2222 t.
1197 2186 1233 2231 I,
1251 2183 1326 2223 col.
1346 2184 1480 2232 1817),
1501 2188 1540 2219 et
1561 2192 1647 2217 sur-

221 2253 304 2283 tout
336 2244 376 2283 la
396 2243 593 2282 nar-ration
619 2243 667 2282 de
684 2242 834 2282 Robert
853 2241 1016 2281 Blondel
1032 2271 1042 2290 ‚
1059 2242 1210 2281 inserite
1228 2242 1353 2294 parmi
1377 2242 1433 2280 les
1451 2240 1578 2292 pieces
1598 2238 1646 2275 de

222 2314 332 2344 notre
350 2305 541 2343 troisieme
559 2304 732 2347 volume,
746 2307 801 2344 Μ.
817 2303 866 2342 de
882 2306 939 2341 La
954 2306 1068 2341 Porte
1087 2302 1141 2341 du
1155 2302 1263 2341 Theil
1281 2315 1303 2340 a
1323 2301 1392 2340 fait
1409 2303 1476 2340 sur
1494 2311 1538 2338 ce
1556 2298 1647 2336 cha-

222 2365 324 2416 pitre
354 2377 432 2402 une
461 2363 650 2403 reflexion
681 2363 748 2414 qui
767 2362 902 2401 merite
937 2361 1058 2400 d’etre
1087 2362 1293 2414 rapportee
1318 2376 1327 2399 z
1355 2379 1373 2396 ιι
1388 2363 1508 2399 Notre
1528 2357 1648 2396 histo-

223 2426 306 2464 rien
324 2425 413 2476 (qui
432 2425 522 2463 etait
543 2438 643 2476 pour
658 2424 714 2462 lui
732 2423 941 2476 Amelgard
955 2425 968 2471 )
980 2452 991 2471 ,
1012 2435 1163 2461 comme
1185 2421 1241 2461 les
1264 2419 1581 2472 autres‚·parlant
1599 2416 1647 2454 de

223 2484 261 2523 13
277 2484 472 2523 reddition
492 2483 540 2522 de
555 2483 713 2522 Lisieux
725 2513 736 2531 ,
757 2496 807 2521 en
829 2482 896 2521 fait
912 2482 1093 2520 honneur
1119 2483 1140 2519 a
1165 2482 1203 2519 la
1221 2494 1374 2533 sagesse
1393 2488 1432 2519 et
1451 2481 1473 2517 a
1495 2478 1532 2516 la
1551 2489 1647 2528 pru-

224 2543 346 2582 dence
362 2543 411 2581 de
430 2543 625 2594 Pet-veque,
642 2543 808 2581 Thomas
825 2541 955 2581 Basin.
976 2543 1073 2580 Sans
1090 2540 1246 2579 vouloir
1259 2540 1453 2578 diminuer-
1473 2538 1511 2575 la
1530 2536 1648 2586 repu-

176 2642 179 2646 ,
226 2603 345 2641 tation
372 2602 464 2654 qu’a
485 2602 622 2640 laissee
649 2615 692 2640 ce
716 2602 866 2653 prela,
886 2601 927 2650 je
952 2600 1011 2639 dis
1034 2600 1310 2653 qu'Amelgard
1333 2601 1399 2638 eut
1420 2612 1473 2650 pu
1500 2597 1649 2645 ajouter

225 2674 301 2712 que
320 2669 418 2700 cette
435 2661 678 2713 negociation
693 2673 743 2699 ne
762 2661 821 2698 fut
838 2673 909 2712 pas
927 2660 1196 2698 infructueuse
1210 2673 1311 2711 pour
1330 2654 1647 2710 l’augmentation

226 2721 294 2760 des
316 2721 436 2760 droits
455 2722 690 2773 episcopaux
704 2750 715 2768 ,
736 2734 887 2759 comme
906 2733 958 2759 on
978 2729 1072 2772 peut
1090 2723 1173 2759 s'en
1197 2719 1428 2758 convaincre
1456 2729 1506 2754 en
1533 2716 1649 2753 lisant

226 2781 389 2820 l'article
423 2781 490 2832 qui
526 2775 715 2820 conc‘erne
747 2789 808 2819 cet
839 2780 989 2831 (aveque
1020 2779 1115 2818 dans
1141 2778 1180 2816 le
1214 2780 1343 2815 Gallia
1367 2778 1601 2816 Christiana.
1628 2789 1647 2807 ιι

228 2842 378 2881 Notices
397 2850 433 2878 et
451 2843 628 2878 Extraits
650 2843 716 2878 des
734 2841 978 2888 manuscrits,
998 2848 1027 2881 t.
1052 2842 1091 2887 1,
1112 2853 1151 2890 p.
1174 2840 1267 2876 429.
