2086 3528
980 301 1003 314 Ν

671 373 820 414 LIBER
845 374 1116 415 SECUNDUS.
1559 381 1610 418 95

187 478 269 511 seu
295 461 478 510 insidiis
511 476 656 527 super
677 458 960 508 alterutrum
983 460 1092 526 capi
1125 461 1425 526 potuissent,
1454 463 1611 510 conti-

186 545 252 611 git
286 553 339 591 ut
370 543 468 591 dux
510 541 764 602 Borbonii‚
810 541 894 605 qui
934 538 1164 606 Philippi,
1212 542 1608 606 Burgundionum

185 621 345 684 duciS‚
373 637 591 670 sororem
627 619 840 668 habebat
868 620 918 666 in
953 620 1236 684 conjugem,
1269 638 1326 668 ex
1357 622 1494 669 terris
1517 623 1614 670 suis

187 709 380 766 accepta
402 708 697 747 armatorum
715 697 1039 758 multitudine,
1069 707 1217 746 terras
1241 699 1525 764 Burgundiae
1549 702 1615 748 vi-

78 796 83 802 ’
144 824 147 827 .
186 779 316 827 cinas
335 777 425 826 sibi
448 778 653 842 graviter
675 776 917 824 infestaret
935 786 980 823 et
999 775 1208 841 plurima
1231 777 1299 824 eis
1327 777 1614 827 detrimenta

185 856 418 906 inferret¹.
447 855 633 914 Quibus
651 854 974 902 incommodis
998 871 1256 902 occurrens
1282 855 1411 903 idem
1438 856 1614 923 Philip-

186 950 291 1003 pus,
319 935 402 1001 qui
423 934 569 1000 paulo
593 943 704 981 ante
726 932 1032 981 Brabantiam
1059 949 1147 998 per
1177 932 1363 980 obitum
1388 933 1611 1000 Philippi,

160 1012 320 1062 ducis
352 1011 501 1079 ipsius
535 1011 822 1071 Brabantiae‚
862 1028 918 1058 ex
952 1010 1160 1074 legitima
1188 1012 1488 1060 successione
1525 1013 1616 1061 sibi

187 1092 466 1151 vindicarat,
485 1092 534 1138 in
550 1089 873 1155 Burgundiam
893 1105 951 1136 ex
964 1088 1218 1138 Brabantia
1238 1090 1480 1155 profectus
1495 1102 1564 1139 est
1577 1096 1610 1154 ’3

186 1169 296 1232 ubi,
319 1168 521 1218 collecto
545 1169 755 1216 exercitu
770 1204 782 1228 ,
806 1184 906 1215 sese
937 1167 997 1215 de
1017 1168 1201 1232 injuriis
1229 1168 1319 1216 sibi
1341 1179 1387 1217 et
1411 1171 1508 1217 suis
1531 1188 1617 1236 per

187 1247 370 1297 dictum
394 1247 570 1295 ducem
593 1245 823 1293 Borbonii
858 1246 1104 1309 irrogatis,
1138 1247 1300 1294 ulcisci
1339 1247 1611 1296 destinavit.

191 1329 444 1391 Aggressus
475 1325 616 1390 igitur
656 1324 758 1388 ejus
793 1333 970 1383 terraS,
1004 1324 1155 1372 multa
1198 1325 1319 1372 inibi
1353 1326 1427 1374 vel
1467 1344 1618 1392 expu-

187 1403 412 1469 gnando,
450 1402 526 1451 vel
556 1401 826 1449 obsidendo
862 1400 1085 1448 fortalitia
1113 1412 1161 1449 et
1190 1403 1370 1469 oppida
1402 1405 1610 1470 accepit,

187 1482 423 1548 pluraque
445 1479 762 1528 verisimiliter
783 1479 1064 1544 accepisset,
1103 1481 1194 1528 nisi
1225 1481 1355 1528 idem
1390 1482 1617 1530 Borbonii

189 1559 314 1618 dux,
340 1556 402 1605 ad
425 1555 815 1622 componendam
831 1571 999 1620 pacem
1021 1557 1472 1623 conciliandamque
1492 1560 1618 1606 inter

189 1634 414 1683 Carolum
430 1651 593 1698 regem
609 1643 656 1681 et
678 1633 862 1680 dictum
878 1633 1276 1697 Burgundionum
1302 1635 1478 1684 ducem
1497 1637 1617 1684 ami-

189 1712 349 1762 citiam
370 1721 417 1760 et
437 1710 767 1770 concordiam,
789 1709 1006 1757 animum
1029 1712 1381 1761 convertisset³.

656 1901 1000 1946 CAPITULUM
1033 1902 1155 1946 XXI.

191 2025 351 2073 Qualiter
364 2034 399 2062 et
413 2023 598 2074 quomodo
615 2023 808 2060 deventum
823 2033 874 2059 est
890 2023 936 2058 ad
951 2030 1140 2058 tractatum
1166 2023 1264 2071 pacis
1282 2023 1381 2058 factae
1397 2023 1435 2059 in
1449 2025 1620 2059 Atrebate

438 2087 531 2123 inter
546 2087 714 2122 Carolum
731 2098 851 2134 regem
867 2093 902 2120 et
917 2084 1046 2120 ducem
1063 2084 1378 2132 Burgundionum.

259 2199 331 2248 Ad
353 2216 408 2248 ea
432 2200 575 2266 igitur
597 2215 704 2264 quae
734 2197 865 2263 pacis
904 2205 1016 2243 sunt
1038 2201 1084 2243 et
1115 2212 1201 2261 per
1223 2212 1329 2260 quae
1354 2195 1509 2245 feralis
1544 2197 1622 2244 illa

196 2278 419 2326 odiorum
439 2288 487 2326 et
509 2277 869 2325 inimicitiarum
888 2275 1043 2323 rabies
1058 2275 1290 2339 exstingui
1313 2270 1490 2341 posset,
1517 2293 1623 2342 quae

251 2423 289 2460 1.
320 2423 425 2460 Cette
443 2434 582 2474 guerre
607 2420 671 2473 qui
696 2420 793 2459 dura
814 2419 985 2473 pendant
1002 2428 1108 2459 toute
1125 2419 1278 2459 l'annee
1302 2422 1407 2459 1434
1434 2429 1499 2459 eut
1524 2434 1626 2473 pour

198 2481 345 2520 theatre
364 2481 402 2520 le
423 2481 633 2527 Charolais.

252 2543 292 2580 2.
323 2541 639 2581 Anachronisme.
662 2544 717 2580 Le
739 2541 815 2580 duc
834 2541 883 2580 de
897 2540 1067 2580 Brabant
1082 2549 1240 2579 mourut
1256 2554 1306 2579 en
1329 2543 1433 2579 1430
1454 2541 1626 2592 pendant

198 2602 234 2640 le
257 2601 360 2653 siege
392 2601 439 2639 de
463 2602 712 2654 Compiegne.
739 2605 921 2641 L'erreur
943 2602 991 2640 de
1013 2602 1179 2641 l'auteur
1199 2603 1306 2640 vient
1337 2602 1386 2640 de
1414 2616 1456 2641 ce
1484 2616 1560 2653 que
1590 2603 1625 2640 le

199 2662 274 2700 duc
293 2661 341 2700 de
355 2665 586 2715 Bourgogne
604 2662 679 2700 alla
697 2676 746 2700 en
764 2662 929 2702 Flandre
948 2662 1119 2714 pendant
1136 2662 1174 2700 la
1196 2675 1336 2714 guerre
1355 2675 1431 2712 que
1447 2661 1502 2698 lui
1523 2662 1565 2699 fit
1587 2661 1626 2699 le

202 2723 276 2762 duc
297 2722 345 2760 de
364 2722 548 2760 Bourbon
563 2754 574 2772 ‚
589 2731 626 2761 et
638 2724 729 2774 qu'il
749 2724 826 2762 alla
847 2724 869 2763 a
884 2726 1057 2773 Anvers,
1079 2731 1175 2762 cette
1196 2736 1335 2774 guerre
1356 2721 1542 2760 achevee.

257 2784 295 2821 3.
322 2784 397 2820 Les
421 2781 525 2821 deux
550 2781 644 2821 dues
663 2782 712 2821 de
731 2785 963 2836 Bourgogne
981 2791 1019 2820 et
1041 2781 1090 2821 de
1106 2782 1289 2821 Bourbon
1310 2795 1350 2819 se
1364 2781 1491 2818 virent
1519 2788 1557 2819 et
1586 2793 1626 2818 se

202 2841 497 2881 reconciliarent
514 2844 535 2880 a
549 2845 696 2882 Nevers
714 2856 765 2882 au
782 2843 882 2883 mois
901 2843 948 2882 de
956 2843 1111 2893 janvier
1127 2845 1246 2883 1435.
1261 2841 1500 2892 Monstrelet,
1522 2841 1550 2883 l.
1572 2844 1625 2890 H,

149 2935 153 2939 .
204 2902 251 2941 ch
259 2933 267 2941 .
289 2916 437 2941 cnxvu.
