2086 3528
526 345 605 383 250
897 343 1241 393 HISTORIARUM
1271 343 1451 383 CAROLI
1480 346 1551 384 vn

524 427 651 475 idem
685 443 846 474 comes
875 426 925 472 id
960 426 1249 488 agnovisset,
1276 426 1364 490 *qui
1392 426 1656 479 admodum
1689 428 1933 492 magnani-

525 522 630 552 mus
657 514 782 563 erat,
812 503 1038 551 audacter
1065 502 1259 550 eosdem
1287 520 1529 568 aggressus
1559 506 1607 552 in
1640 505 1797 570 fugam
1826 498 1932 554 ¹ver-

524 584 578 628 tit
599 584 628 640 ¹,
665 598 840 645 eosque
871 580 931 628 ad
961 580 1136 628 moenia
1164 597 1313 644 usque
1343 591 1390 628 et
1421 591 1582 646 portas
1611 581 1742 636 urbis
1773 598 1932 647 perse·

523 669 685 718 cutus,
737 675 792 705 ex
835 659 902 705 eis
950 657 1184 723 plurimos
1231 657 1303 704 vel
1348 657 1546 719 occidit,
1597 658 1669 720 vel
1720 659 1931 725 captivos

523 736 733 784 abduxit.
772 739 881 783 Post
916 736 1047 800 quod
1070 735 1272 791 factum,
1300 751 1390 782 nec
1413 735 1533 783 ultra
1565 735 1626 783 de
1660 735 1828 802 proelio
1863 736 1931 785 fa·

522 813 716 871 ciendo,
741 829 830 860 nec
857 814 917 861 de
948 812 1166 860 exeundo
1193 821 1361 859 contra
1386 815 1591 860 Francos
1615 821 1744 860 extra
1773 813 1931 873 muni·
1987 816 1989 818 ’

523 890 675 937 tiones
717 906 825 937 suas
866 890 1150 954 cogitarunt.
1206 889 1571 954 Comperierunt
1612 890 1742 937 enim
1790 905 1841 937 se
1884 899 1933 938 et

522 968 665 1014 armis
686 977 733 1014 et
759 967 940 1014 viribus
966 970 1255 1013 Francorum
1283 966 1344 1014 ad
1371 965 1697 1014 dimicandum
1729 967 1931 1016 nimium

522 1045 751 1108 impares„
794 1043 875 1091 ubi
917 1045 964 1091 in
1000 1043 1270 1108 patentibus
1309 1043 1489 1108 campis
1522 1043 1930 1106 congrediendum

522 1120 657 1167 foret.
692 1120 845 1180 Unde,
867 1120 946 1169 illa
962 1120 1095 1168 clade
1114 1128 1354 1185 suscepta,
1381 1119 1580 1185 posthac
1602 1121 1798 1183 minime
1819 1137 1929 1171 cum

521 1197 633 1261 ipsis
660 1197 880 1262 proelium
908 1198 1028 1245 inire
1055 1197 1155 1244 ausi
1183 1197 1390 1245 fuerunt.
1419 1199 1539 1245 Cum
1568 1206 1727 1246 autem
1753 1187 1931 1262 oppida

520 1274 764 1339 praedicta,
812 1285 866 1322 ut
897 1274 1123 1334 diximus,
1160 1291 1260 1321 sese
1296 1275 1471 1322 dedere
1508 1285 1674 1323 coacta
1707 1274 1928 1336 fuissent,

521 1367 625 1414 quae
653 1351 830 1397 caeteris
863 1351 1130 1399 civitatibus
1166 1361 1211 1398 et
1241 1351 1442 1399 castellis
1471 1351 1546 1398 vel
1576 1351 1791 1417 oppidis,
1826 1367 1933 1416 quae

520 1428 714 1474 ditionis
734 1427 992 1492 Anglorum
1014 1437 1172 1484 erant,
1192 1429 1449 1475 munitiora
1467 1428 1774 1495 putabantur,
1798 1427 1933 1476 facile

520 1505 738 1552 veniente
762 1506 964 1552 exercitu
989 1505 1048 1552 ad
1079 1505 1193 1553 alias
1215 1506 1425 1552 civitates
1446 1515 1492 1552 et
1523 1505 1702 1572 oppida
1719 1541 1739 1564 λ
1756 1506 1933 1576 pariter

520 1582 662 1628 etiam
685 1582 900 1645 singulae,
934 1599 1031 1629 non
1069 1592 1394 1648 exspectantes
1434 1583 1608 1631 damna
1648 1593 1790 1647 atque
1824 1578 1932 1630 mo-

519 1659 674 1706 lestias
705 1659 1036 1719 obsidionum,
1076 1675 1175 1707 sese
1220 1659 1535 1720 dediderunt,
1567 1660 1763 1724 antiqua
1799 1669 1932 1708 terrae

519 1735 733 1783 libertate
757 1737 823 1783 eis
846 1753 1071 1784 concessa
1099 1746 1146 1783 et
1176 1737 1409 1802 promissa
1423 1774 1435 1798 ,
1461 1737 1511 1784 in
1534 1753 1628 1802 qua
1651 1736 1740 1784 sub
1759 1736 1931 1801 Anglo-

520 1828 627 1858 rum
656 1811 844 1876 regibus
867 1812 1012 1877 longo
1032 1829 1132 1860 aevo
1156 1813 1246 1879 ipsi
1271 1813 1498 1860 vixerant.
1622 1878 1623 1881 Ἰ

583 1892 686 1936 Hoc
719 1889 846 1937 idem
893 1900 939 1937 et
987 1890 1275 1954 Burdegala,
1315 1891 1460 1937 totius
1504 1890 1666 1955 patriae
1704 1899 1931 1957 caputet

521 1966 818 2031 metropolis,
849 1966 955 2014 licet
985 1968 1141 2014 minus
1163 1966 1454 2026 voluntarie,
1482 1966 1604 2014 fecit.
1633 1966 1725 2014 Sed
1747 1967 1928 2035 perspi·

518 2043 647 2088 ciens
691 2046 977 2090 Francorum
1022 2044 1282 2108 potentiam
1331 2053 1376 2089 et
1422 2043 1544 2089 vires
1588 2041 1678 2089 sibi
1728 2043 1930 2106 graviter

518 2119 792 2180 imminere,
828 2137 855 2167 e
883 2121 1070 2167 diverso
1109 2137 1223 2167 vero
1254 2120 1303 2166 in
1339 2119 1501 2182 Anglia
1535 2118 1848 2166 seditionibus
1880 2129 1929 2186 et

519 2195 692 2253 turbis,
734 2196 1043 2261 civilibusque
1072 2206 1118 2243 et
1143 2196 1396 2262 plusquam
1427 2194 1645 2242 civilibus
1671 2194 1926 2242 dissensio—

518 2271 656 2320 nibus
690 2274 811 2320 inter
839 2275 1077 2339 principes
1104 2283 1150 2321 et
1176 2289 1396 2339 proceres
1429 2272 1584 2336 regni,
1616 2272 1777 2319 omnia
1809 2288 1926 2320 con-

518 2350 683 2411 fundi,
709 2367 896 2416 sperare
925 2368 1022 2398 non
1047 2351 1202 2416 potuit
1224 2350 1550 2398 subventionis
1568 2359 1709 2414 atque
1730 2365 1925 2397 succur-

515 2445 595 2475 sus
611 2429 777 2476 solatia
797 2445 826 2476 a
847 2446 995 2492 regno
1020 2429 1191 2493 Angliae
1213 2437 1326 2474 tunc
1349 2427 1577 2491 consequi
1602 2443 1756 2491 posse.
1782 2418 1926 2497 Igitur

517 2524 773 2555 occurrens
807 2507 1050 2572 periculis,
1090 2505 1355 2572 potioribus
1382 2522 1526 2570 quam
1562 2505 1715 2570 potuit
1743 2494 1926 2568 legibus

516 2585 747 2649 acceptis,
783 2586 829 2631 in
851 2585 928 2648 jus
961 2584 1288 2647 ditionemque
1318 2586 1609 2630 Francorum
1640 2583 1870 2630 concessit
1890 2584 1918 2628 ².

571 2763 608 2798 1.
641 2761 747 2798 Cette
766 2758 892 2798 action
911 2766 976 2797 eut
999 2757 1075 2797 lieu
1095 2757 1131 2796 le
1153 2759 1206 2795 1⁸¹·
1225 2755 1436 2795 novembre
1457 2757 1574 2794 1450.

568 2829 606 2864 2.
640 2825 788 2874 aejuin
809 2827 925 2863 1⁴51.
