2086 3528
716 329 863 368 LIBER
889 328 1174 377 QUARmi³²
1221 327 1225 330 ’
1561 331 1639 369 187

227 411 444 478 Anglinm
469 410 680 476 trajecti,
696 411 790 460 diu
804 413 1075 474 ³hondiniis,
1099 412 1640 479 implenteseommissae

226 490 318 543 sihi
338 489 835 556 legationis-officium,
854 501 1237 557 permanserunt.
1257 492 1485 541 Similiter
1496 493 1640 541 etiam

224 569 356 637 apud
377 567 623 618 ‘Gan-olum
652 567 742 617 suit
775 569 1037 635 aliquando
1068 569 1167 617 dux
1198 570 1466 632 Suffoleiae',
1510 570 1640 636 apud

152 662 159 682 ³
225 665 378 717 quem
386 657 443 697 ea
461 657 736 712 tempestate
751 649 895 696 totius
914 649 1157 714 Anglieani
1175 650 1361 716 imperii
1373 650 1639 698 moderatio

225 724 433 775 residere
454 723 722 773 videbatur.
749 727 855 774 Fuit
875 726 1021 775 etiam
1037 725 1290 775 *interdum
1309 732 1419 776 euin
1437 728 1542 793 ipso
1555 765 1568 789 ,
1594 737 1641 774 et

224 819 285 854 on
319 802 593 870 aliquando
610 803 836 866 absente,
877 804 1133 870 episeopus
1160 805 1494 853 Cieestrensis²
1527 821 1640 852 eum

223 881 425 931 domino
462 880 545 928 de¹
567 880 815 944 Dudeley¹
837 892 893 930 vet
933 882 1179 931 nonnullis
1220 880 1323 932 aliis
1354 882 1640 931 consiliariis

187 1008 189 1013 ,
222 958 630 1024 regis-Anglorum
648 995 661 1019 ,
683 975 892 1023 quorum
914 959 1233 1008 nomina²non
1254 961 1533 1009 retinemus.

284 1038 410 1084 Cum
448 1045 611 1084 autem
649 1037 785 1084 nullo
819 1047 960 1103 pacto
999 1038 1050 1086 in
1087 1038 1218 1103 pacis
1253 1038 1431 1086 foedera
1462 1038 1637 1097 animi,

224 1115 451 1180 utrinque
472 1115 524 1162 in
549 1115 653 1167 ⁴suis
681 1114 927 1165 desideriis
957 1125 1005 1164 et
1030 1115 1345 1181 opinionibus
1373 1115 1637 1175 obfirmati,

220 1191 418 1241 deflenti·
440 1202 664 1257 possent,
699 1208 788 1258 per
821 1193 983 1259 plures
1005 1203 1166 1242 tamen
1194 1194 1320 1245 vices
1341 1201 1506 1257 treuga
1527 1209 1641 1258 pm-

222 1271 521 1336 rogationem
557 1272 741 1337 accepit
758 1273 790 1319 ⁸.
828 1271 923 1320 Sed
961 1262 1231 1338 postremo,
1269 1289 1380 1320 cum
1408 1271 1606 1320 Carolus
1623 1309 1637 1332 ,

220 1352 522 1398 Francorum*
543 1365 656 1408 rex‘,
683 1350 822 1398 toties
852 1350 1205 1416 prorogationis
1230 1350 1360 1399 factae
1381 1359 1638 1416 pertaesus,

222 1427 417 1476 ulterius
443 1443 663 1491 guerram
681 1442 738 1475 ac
759 1443 895 1478 arma
917 1444 1209 1476 reassumere
1228 1428 1430 1475 minime
1453 1427 1642 1474 differre

220 1505 361 1555 vellet
379 1504 624 1571 (habebat
647 1506 776 1553 enim
796 1505 1015 1553 militiam
1039 1521 1192 1566 suam,
1224 1515 1277 1553 ut
1298 1505 1610 1571 praemisimus
1627 1542 1638 1563 ,

220 1579 359 1633 &alde
378 1593 596 1650 paratam
619 1593 763 1648 atque
783 1583 1110 1649 expeditam),
1135 1596 1239 1630 non
1263 1583 1377 1630 alias
1400 1583 1448 1629 in
1473 1597 1643 1647 proro-

219 1661 463 1726 gationem
478 1671 920 1727 treugaeassensum
937 1670 1158 1727 praestare
1185 1660 1355 1722 voluit,
1379 1660 1468 1707 nisi
1493 1662 1644 1708 Ceno—

221 1739 412 1789 mannis
420 1739 600 1800 civitas,
620 1754 768 1805 quam
791 1738 1094 1804 occupabant
1107 1737 1307 1802 Anglici,
1323 1736 1414 1784 sibi
1426 1738 1644 1785 restitue·
1722 1780 1725 1782 ,

220 1880 414 1927 chidiacre
429 1881 478 1922 de
494 1881 602 1922 Paris
614 1912 626 1930 ,
645 1880 772 1920 Adam
785 1880 834 1921 de
853 1879 1055 1930 cambrai,
1079 1872 1244 1919 Ffitienne
1262 1879 1435 1919 Ber-nard
1454 1888 1494 1918 et
1509 1882 1643 1918 Dreux

218 1939 328 1980 Bude
349 1944 522 1993 (Rymer,
545 1950 571 1981 t.
598 1944 677 1992 XI,
699 1955 740 1993 p.
763 1942 851 1990 49);
871 1948 910 1979 et
928 1952 1006 1978 une
1024 1938 1190 1978 seconde
1211 1938 1282 1977 fois
1301 1951 1350 1976 en
1368 1938 1496 1986 juillet
1521 1940 1641 1987 1447,

219 2008 336 2051 ayant
362 2013 412 2038 en
441 2014 483 2039 sa
512 2000 740 2054 compagnie
769 1997 959 2038 Bertrand
987 1997 1037 2038 de
1060 2001 1270 2047 neaman,
1297 1999 1517 2037 Guillaume
1540 2001 1645 2038 Cou-

220 2058 343 2106 sinot,
367 2062 463 2098 Jean
486 2062 633 2098 Havart
663 2068 702 2098 et
724 2061 820 2097 Jean
851 2061 992 2111 Jouget
1010 2061 1186 2109 (Rymer‚
1209 2057 1319 2107 ibid„
1343 2072 1380 2110 p.
1405 2059 1512 2106 182).
1535 2061 1642 2096 L'ar-

218 2117 417 2171 cheveque
436 2118 484 2157 de
500 2117 633 2157 Reims
650 2126 688 2156 et
708 2118 888 2169 l'eveque
908 2118 956 2156 de
975 2120 1118 2166 Na'ntes
1136 2119 1526 2170 n'accompagnerent
1544 2118 1644 2156 donc

218 2188 288 2229 pas
320 2174 360 2216 le
400 2186 525 2216 comte
553 2177 602 2216 de
631 2177 781 2216 Dunois
815 2191 864 2216 en
901 2178 1151 2230 Angleterre5
1178 2178 1273 2216 mais
1298 2178 1569 2230 l’archeveque
1587 2178 1643 2223 ,de

201 2235 370 2284 .Reims,
403 2237 472 2289 qui
495 2236 586 2275 etait
612 2238 776 2289 Jacques
801 2232 993 2275 Jouvenel
1017 2234 1085 2276 des
1112 2235 1248 2275 Ursins
1266 2234 1408 2287 l’aine,
1435 2236 1494 2276 fut
1527 2237 1644 2276 d’une

219 2303 330 2335 autre
348 2295 588 2345 ambassade‚
610 2297 785 2350 envoyee
803 2310 852 2336 en
860 2295 991 2346 juillet
1010 2298 1114 2335 1445
1125 2327 1137 2346 ,
1158 2296 1255 2335 dont
1272 2297 1310 2336 le
1326 2306 1452 2336 comte
1472 2297 1521 2337 de
1538 2301 1643 2336 Ven-

221 2355 335 2396 dome
362 2356 452 2395 etait
471 2358 508 2396 le
534 2357 642 2406 chef,
675 2366 713 2396 et
738 2359 791 2396 οὺ
814 2356 969 2410 figurait
996 2369 1136 2395 encore
1167 2357 1356 2396 Bertrand
1379 2356 1426 2396 de
1443 2361 1639 2396 Beauvau.

221 2419 328 2455 Nous
349 2417 562 2468 possedons
580 2417 618 2455 la
636 2417 798 2455 relation
817 2416 1050 2455 manuscrite
1080 2416 1129 2455 de
1153 2425 1253 2455 cette
1277 2416 1456 2456 derniere
1486 2416 1641 2455 ambas-

221 2474 312 2514 sade
334 2477 419 2524 (Ms.
443 2476 598 2526 Baluze,
619 2483 663 2515 n⁰
682 2478 852 2526 8448-2,
875 2475 943 2515 fol.
968 2478 1062 2526 171,
1085 2478 1108 2515 ὲ
1131 2476 1169 2516 la
1187 2476 1287 2516 Bibl.
1309 2476 1436 2529 imp.).

275 2536 294 2573 1
306 2563 314 2572 .
345 2534 469 2574 Adam
485 2534 675 2586 Moleyns,
691 2538 839 2588 eveque
856 2535 905 2574 de
921 2534 1162 2585 chichester,
1176 2534 1296 2590 garde
1315 2536 1368 2575 du
1388 2549 1502 2575 sceau
1515 2535 1642 2588 prive‚

226 2593 320 2632 dont
340 2593 368 2631 il
387 2608 411 2632 a
431 2594 490 2631 ete
514 2593 600 2641 deja
619 2595 798 2645 question
816 2594 1027 2645 ci-dessus,
1047 2610 1088 2648 p.
1110 2599 1206 2641 155,

276 2655 316 2692 2.
351 2653 516 2703 Ubdelcy
533 2653 628 2693 dans
644 2654 680 2693 le
701 2657 775 2696 Ms.
795 2656 829 2695 Il
846 2655 957 2709 s'agit
973 2655 1021 2694 de
1036 2656 1139 2695 John
1156 2657 1326 2709 Dudley,
1358 2655 1562 2695 conseiller
1591 2653 1644 2692 du

223 2715 283 2754 roi
300 2715 580 2768 d’Angleterre.

279 2777 317 2815 3.
348 2775 431 2813 Elle
458 2775 515 2814 sut
538 2775 771 2816 renouvelee
798 2776 836 2815 le
862 2779 919 2815 1⁸¹
945 2778 1043 2817 avril
1072 2780 1176 2817 1446
1205 2786 1242 2816 et
1263 2777 1300 2815 le
1325 2779 1380 2814 1⁸¹
1402 2776 1500 2815 avril
1522 2777 1639 2814 1447.

225 2837 324 2873 Jean
344 2835 536 2884 Char‘tier,
557 2834 652 2874 dans
671 2835 884 2887 Godefroy,
909 2851 949 2888 p.
972 2838 1066 2879 128.
