2086 3528
513 358 593 395 214
892 355 1237 395 HISTORIARUM
1264 358 1443 397 CAROLI
1469 360 1540 397 vn

516 439 734 500 mallent,
767 455 822 486 ea
844 438 1055 486 vendere
1077 439 1198 487 infra
1219 449 1403 488 certum
1424 442 1677 490 limitatum
1699 441 1845 490 diem.
1878 444 1928 490 Si

516 517 633 581 quid
654 517 796 563 etiam
811 516 878 563 eis
895 533 927 564 -a
948 515 1130 564 civibus
1148 518 1309 582 patriae
1334 519 1540 583 legitime
1562 519 1834 579 deberetur,
1861 521 1928 568 eis

517 594 798 659 reposcendi
817 594 1012 642 facultas
1030 594 1227 660 praebita
1250 593 1353 655 est,
1373 607 1422 645 et
1444 600 1724 660 summarie,
1749 599 1930 665 absque

517 670 852 730 dilationibus,
892 688 1033 737 super
1071 671 1166 719 hoc
1203 673 1280 737 jus
1310 673 1574 736 redditum3
1611 685 1658 724 et
1692 677 1794 743 pari
1827 677 1931 725 viee

517 748 678 809 etiam,
716 749 755 796 si
793 766 822 798 a
854 750 1028 814 ‘quovis
1065 749 1258 797 illorum
1294 751 1550 816 quicquam
1580 753 1722 802 alicui
1756 754 1931 802 civium

517 825 798 888 debebatur,
824 827 951 875 ultro
974 828 1190 893 citroque
1212 828 1290 897 jus
1312 829 1578 893 redditum,
1604 841 1651 879 et
1665 832 1784 896 juris
1802 849 1934 880 exse-

517 905 647 951 cutio
661 905 870 970 perfecta
886 906 1008 954 infra
1020 916 1115 953 tres
1131 915 1211 953 aut
1227 917 1433 971 quatuor
1451 907 1552 956 dies
1564 909 1930 960 administrata'¹.

587 985 738 1031 Datus
750 994 821 1032 est
833 985 976 1032 etiam
988 983 1119 1031 abire
1131 984 1403 1033 volentibus
1420 986 1686 1035 conductus
1699 987 1936 1036 sufficiens

519 1077 566 1115 et
586 1065 712 1113 fidus
730 1079 882 1128 usque
900 1062 961 1110 ad
977 1079 1088 1122 suae,
1109 1079 1256 1128 quam
1267 1063 1635 1128 profitebantur,
1655 1065 1937 1114 obedientiae

518 1144 684 1191 limina
698 1140 1014 1200 deducendis;
1030 1140 1095 1187 ita
1108 1140 1243 1205 quod
1255 1142 1414 1205 potius
1431 1141 1560 1188 velut
1574 1143 1937 1207 peregrinorum

519 1237 604 1268 seu
625 1219 874 1284 hospitum
897 1217 1144 1277 discessio,
1171 1218 1246 1265 vel
1268 1217 1617 1282 inquilinorum
1637 1219 1936 1284 demigratio,

521 1314 668 1362 quam
700 1295 872 1344 bellica
904 1295 1144 1343 exsecutio
1174 1294 1276 1342 fieri
1309 1305 1574 1361 putaretur,
1606 1306 1705 1345 tam
1736 1297 1865 1345 mitis
1893 1305 1943 1345 et

521 1376 734 1424 humana
757 1374 848 1422 fuit
867 1374 1065 1438 hujusce
1087 1374 1288 1421 civitatis
1306 1374 1505 1442 deditio,
1533 1376 1806 1424 interventu
1823 1371 1940 1422 dicti

522 1453 785 1520 pontificis,
815 1452 1088 1518 adspirante
1111 1452 1199 1498 Dei
1221 1452 1497 1513 clementia,
1527 1452 1676 1501 factal
1708 1455 1763 1501 In
1797 1468 1943 1518 quem

522 1533 738 1600 profecto
783 1550 811 1580 a
850 1531 1073 1598 populari
1118 1531 1398 1578 militarium
1435 1530 1577 1579 turba
1618 1534 1912 1579 Francorum
1927 1569 1941 1594 ,

523 1621 723 1677 propter
744 1610 866 1670 hoc,
901 1610 1054 1656 multa
1087 1608 1340 1656 maledieta
1367 1609 1543 1672 jactata
1564 1619 1700 1670 sunt,
1727 1626 1786 1657 eo
1810 1608 1945 1675 quod

525 1688 613 1735 sibi
646 1688 846 1736 civitatis
868 1687 1032 1752 ipsius,
1063 1687 1175 1734 satis
1199 1686 1518 1746 mediocriter,
1546 1703 1636 1752 pro
1675 1696 1946 1753 temporum

525 1765 906 1824 conditionibus,
932 1764 1076 1811 bonis
1106 1764 1313 1824 refertae,
1339 1765 1485 1813 veluti
1513 1781 1540 1812 e
1568 1765 1792 1813 manibus
1827 1781 1947 1831 prae-

526 1844 640 1892 dam
684 1842 933 1890 abstulisse
977 1842 1243 1902 videretur3
1285 1858 1398 1889 nam
1451 1842 1511 1889 ad
1558 1842 1850 1908 potiundum
1893 1859 1950 1892 ea

528 1937 730 1986 eamque
755 1919 1149 1986 expugnandam,
1178 1935 1278 1966 non
1299 1920 1485 1982 gravius
1505 1919 1596 1967 sibi
1614 1935 1760 1984 quam
1783 1917 1950 1968 mediae

528 1999 660 2046 horae
678 1999 926 2062 negotium
941 1997 1221 2045 incumbere
1243 1998 1622 2044 constantissime
1642 1997 1913 2045 asserebant
1930 2015 1944 2044 t

530 2087 578 2125 et
607 2077 824 2142 profecto
859 2076 925 2122 sic
961 2085 1079 2122 erat.
1118 2077 1239 2122 Nam
1263 2075 1523 2137 Anglorum
1552 2075 1736 2122 circiter
1757 2062 1950 2122 centum

530 2155 747 2222 peditum
764 2153 1054 2219 praesidium,
1075 2151 1207 2216 quod
1226 2152 1293 2199 ibi
1314 2161 1430 2211 erat,
1448 2169 1547 2199 non
1564 2152 1656 2199 alia
1678 2167 1728 2199 se
1751 2168 1950 2200 usurum

533 2233 809 2280 defensione
838 2230 1134 2289 confidebat,
1166 2247 1311 2294 quam
1337 2231 1386 2277 in
1413 2230 1611 2277 alteram
1634 2231 1805 2277 turrim
1840 2247 1954 2278 con-

535 2313 719 2375 fugere,
744 2325 889 2373 quam
911 2325 1106 2356 annona
1129 2308 1317 2355 circiter
1340 2307 1401 2354 ad
1424 2307 1638 2354 triduum
1660 2307 1951 2357 munierant.

536 2393 605 2435 Ex
635 2387 819 2435 civibus
847 2403 985 2445 vero,
1023 2403 1082 2433 eo
1114 2385 1247 2450 quod
1281 2386 1329 2432 in
1356 2386 1479 2448 agris
1502 2394 1549 2432 et
1574 2385 1694 2432 villis
1719 2385 1955 2450 indigenae

536 2466 697 2531 patriae
714 2502 725 2522 ,
753 2481 810 2512 ex
833 2463 991 2511 edicto
1021 2463 1193 2528 regali,
1222 2463 1420 2509 minime
1448 2479 1475 2508 a
1499 2462 1727 2510 militibus
1751 2465 1957 2510 Franco-

537 2560 644 2590 rum
658 2541 833 2608 captivi
846 2541 1223 2601 abducebantur,
1239 2550 1320 2587 aut
1330 2541 1424 2587 suis
1441 2540 1772 2605 spoliabantur
1782 2539 1924 2588 bonis
1938 2575 1951 2599 ,

541 2637 711 2686 magna
745 2635 855 2686 pars
890 2628 1038 2667 noctu
1075 2635 1161 2684 per
1197 2618 1373 2665 moenia
1408 2634 1459 2665 se
1495 2617 1767 2678 dimiserat,
1813 2626 1860 2665 et
1895 2616 1956 2664 ad

595 2808 634 2844 1.
665 2808 718 2843 Le
744 2812 845 2842 texte
866 2802 918 2840 du
941 2800 1051 2840 traite
1074 2808 1131 2838 est
1159 2799 1253 2837 dans
1279 2798 1315 2836 le
1340 2800 1497 2835 Recueil
1520 2799 1588 2834 des
1621 2797 1872 2834 ordonnances
1893 2796 1940 2832 de

541 2870 617 2903 rois
635 2866 682 2902 de
700 2867 846 2902 France
860 2891 871 2910 ,
896 2869 923 2899 t.
949 2862 1054 2910 XIV,
1075 2873 1115 2912 p.
1136 2860 1200 2897 59.
1223 2858 1253 2895 11
1275 2865 1331 2897 est
1350 2856 1436 2896 date'
1457 2856 1508 2895 du
1529 2856 1684 2894 1630(st
1702 2856 1821 2893 1⁴59.
