2086 3528
770 353 917 391 LIBER
945 354 1177 401 QUINTUS.
1614 354 1691 391 313

268 437 402 504 quod
433 438 608 486 dietam
631 436 719 484 sibi
738 453 1047 486 communem
1069 454 1095 484 a
1117 436 1315 485 medicis
1338 436 1565 484 indictam
1581 437 1693 483 satis

272 516 484 564 studiose
510 514 799 564 observaret.

335 593 554 642 Lasciviis
576 610 678 640 non
707 593 855 641 modo
886 594 935 640 in
968 595 1123 660 prima
1155 592 1327 655 aetate,
1354 610 1522 640 verum
1550 593 1692 641 etiam

264 672 364 735 Jam
404 688 573 731 senex,
619 672 728 719 satis
774 681 821 718 et
860 688 1004 737 supra
1044 688 1189 736 quam
1230 671 1299 718 fas
1338 670 1692 735 honestumque

270 748 455 809 suisset,
500 748 689 795 deditus
732 747 819 795 fuit
858 767 867 794 :
908 749 957 795 in
995 748 1272 812 hujusmodi
1315 747 1693 795 ministrantibus

270 826 385 886 sibi,
417 827 500 890 qui
541 828 667 874 circa
714 845 764 875 se
810 827 1036 889 aderant,
1081 827 1480 888 assentatoribus,
1518 836 1572 874 ut
1614 827 1694 875 tali

269 903 532 951 ministerio
558 905 657 968 ejus
679 904 770 952 sibi
793 907 991 969 gratiam
1013 923 1068 953 ac
1096 905 1282 953 favores
1304 906 1558 970 ampliores
1580 922 1694 953 con-

269 980 499 1029 ciliarent.
528 982 689 1042 Unde,
717 993 935 1048 tempore
956 993 1230 1048 treugarum
1251 1000 1354 1047 quae
1381 984 1504 1030 inter
1535 984 1694 1048 ipsum

270 1068 316 1106 et
359 1059 578 1123 Anglicos
615 1071 929 1109 cucurrerunt
950 1065 979 1119 ¹,
1023 1060 1192 1108 habuit
1231 1062 1280 1108 in
1327 1060 1505 1108 deliciis
1545 1078 1692 1109 unam

269 1138 557 1203 praecipuam
583 1138 692 1186 satis
718 1138 979 1187 formosam
998 1138 1354 1199 mulierculam,
1382 1154 1528 1203 quam
1551 1138 1693 1203 vulgo

275 1233 296 1256 κ
321 1212 573 1280 pulchram
599 1216 825 1278 Agnetem
850 1235 872 1259 ›³
900 1214 1206 1281 appellabant
1231 1234 1241 1262 :
1273 1232 1362 1262 nec
1384 1231 1492 1262 eam
1515 1215 1695 1280 quippe

269 1290 444 1352 solam,
471 1307 561 1338 nec
584 1292 686 1357 ipsa
713 1309 823 1340 eum
847 1293 1029 1352 solum,
1058 1293 1142 1340 sed
1166 1309 1278 1339 cum
1300 1293 1402 1359 ipsa
1421 1293 1563 1339 etiam
1586 1293 1696 1340 satis

271 1369 522 1434 copiosum
548 1386 738 1434 gregem
768 1370 1160 1425 muliercularum
1194 1371 1328 1418 omni
1361 1371 1580 1418 vanitatis
1616 1388 1695 1434 ge-

271 1447 376 1494 neri
420 1448 707 1496 deditarum.
757 1450 851 1507 Qui
892 1449 1118 1514 pellicum
1167 1467 1306 1514 grex,
1355 1449 1481 1514 proh
1520 1447 1690 1496 dolor!

271 1535 578 1590 sumptuosus
601 1527 744 1573 nimis
762 1537 904 1591 atque
929 1544 1162 1576 onerosus
1192 1544 1339 1592 regno
1361 1537 1474 1575 tunc
1494 1527 1698 1592 pauperi

272 1603 541 1651 exsistebat.
568 1607 688 1653 Nam
711 1622 909 1670 quoquo
931 1606 1035 1670 ipse
1061 1623 1142 1654 rex
1169 1615 1413 1671 pergeret,
1451 1604 1532 1652 illo
1553 1605 1696 1652 etiam

273 1692 648 1747 cum-apparatu
686 1682 895 1748 luxuque
943 1683 1089 1746 regali
1132 1700 1323 1747 gregem
1355 1682 1490 1730 illum
1525 1681 1697 1730 advehi

274 1757 549 1822 oportebat,
591 1759 653 1806 ad
691 1776 899 1824 quarum
936 1761 1166 1807 vanitates
1206 1759 1467 1824 pascendas
1509 1758 1697 1806 infinita

274 1834 638 1899 quodammodo
656 1837 861 1902 pecunia
877 1836 1254 1902 expendebatur,
1273 1846 1320 1884 et
1336 1836 1477 1899 longe
1493 1835 1697 1900 amplior

274 1928 422 1976 quam
444 1924 591 1962 status
613 1916 786 1978 reginae
808 1925 1128 1962 consumeret.
1155 1917 1270 1972 Quae
1284 1950 1296 1973 ,
1319 1914 1430 1961 licet
1451 1913 1698 1960 nihilomi-

274 2006 365 2036 nus
386 1999 572 2038 tantum
600 1992 765 2053 studiI,
794 1993 953 2056 gratiae
982 2009 1036 2039 ac
1065 1992 1236 2039 favoris
1262 1991 1442 2038 eisdem
1465 1991 1698 2056 impartiri

274 2083 374 2114 non
397 2068 662 2132 ignoraret,
691 2069 978 2134 easdemque
1007 2069 1300 2133 frequentius
1327 2069 1469 2115 simul
1500 2085 1612 2115 cum
1643 2085 1698 2115 ea

275 2146 324 2193 in
353 2146 524 2194 eodem
554 2158 709 2195 castro
745 2165 826 2195 seu
857 2148 1034 2213 palatio
1067 2148 1207 2195 sciret
1242 2147 1472 2211 hospitari
1496 2185 1509 2203 ,
1539 2156 1696 2193 tamen

276 2224 553 2287 patientiam
583 2234 802 2289 praestare
835 2224 925 2271 sibi
950 2241 1071 2289 opus
1096 2233 1220 2283 erat,
1250 2224 1313 2271 ita
1341 2233 1394 2270 ut
1418 2240 1506 2270 nec
1528 2223 1699 2269 mutire

276 2312 531 2367 propterea
570 2319 740 2350 ausum
779 2302 994 2350 haberet.
1042 2305 1138 2349 Nec
1174 2318 1288 2349 vero
1325 2301 1415 2348 sibi
1455 2301 1700 2349 dumtaxat

276 2378 390 2426 inde
433 2379 648 2444 querelas
693 2381 845 2428 sacers
890 2379 1156 2445 periculum
1201 2389 1325 2440 erat;
1376 2378 1460 2425 sed
1506 2388 1551 2424 et
1590 2395 1700 2424 cum

278 2456 419 2504 alicui.
448 2456 583 2504 bono
611 2467 657 2505 et
687 2458 892 2506 honesto
922 2458 1110 2504 homini
1141 2457 1312 2523 aliquis
1339 2474 1513 2505 canum
1535 2455 1700 2521 palati-

335 2603 373 2638 1.
406 2602 526 2640 1444.
548 2600 636 2639 Cela
651 2601 752 2648 joint
770 2603 792 2638 a
812 2615 854 2639 ce
878 2615 954 2652 que
983 2601 1148 2640 l‘auteur
1178 2601 1233 2639 dit
1263 2601 1349 2652 plus
1376 2599 1453 2637 loin
1477 2599 1581 2637 dela
1600 2607 1701 2637 mort

278 2660 448 2711 d'Agnes
464 2689 475 2708 ,
496 2660 648 2698 arrivee
672 2662 821 2708 infler-c
833 2665 1044 2709 Juventatis
1059 2691 1069 2709 ,
1091 2661 1189 2700 rend
1208 2661 1501 2711 tres-suspectes
1521 2659 1576 2696 les
1597 2658 1702 2697 dates

280 2718 327 2756 de
348 2720 451 2755 1434
471 2727 510 2756 et
532 2720 636 2757 1436
654 2750 664 2768 ,
686 2724 806 2770 qu'on
835 2720 988 2772 assigne
1002 2751 1012 2769 ‚
1041 2735 1127 2759 sans
1151 2721 1377 2758 documents
1397 2721 1419 2757 a
1435 2718 1581 2770 l'appui
1595 2747 1606 2765 ,
1625 2732 1701 2756 aux

279 2778 496 2816 naissances
523 2777 572 2816 de
603 2792 663 2818 ses
683 2778 786 2818 deux
807 2780 1023 2832 premieres·
1044 2780 1153 2819 filles.
1173 2782 1270 2830 Voy.
1290 2777 1414 2816 Vallet
1434 2776 1482 2815 de
1499 2775 1674 2816 Viriville
1689 2805 1700 2823 ‚

280 2839 306 2877 Ι.
328 2851 363 2875 c.
386 2851 425 2889 p.
449 2839 541 2875 477.
