2086 3528
501 397 576 435 278
888 391 1228 435 HISTORIARUM
1255 394 1438 435 CAROLI
1463 398 1531 436 VH

501 482 788 546 procuravit.
829 483 931 527 Hoc
953 481 1083 527 enim
1113 481 1275 528 animo
1308 492 1495 547 'semper
1525 481 1742 546 gestierat
1774 482 1917 546 atque

499 559 771 622 quaesierat,
797 567 849 604 ut
874 558 1125 605 seditiosos
1142 558 1250 605 illos
1268 563 1410 623 atque
1435 560 1762 607 tumultuosos
1778 559 1918 625 oppi-

498 637 651 684 danos
688 654 714 684 e
750 636 876 684 vallo
914 631 1145 701 tectisque
1185 637 1281 684 suis
1319 649 1374 684 ac
1409 639 1720 685 munimentis
1755 641 1919 703 posset

497 715 758 779 aliquando
794 716 844 762 in
871 715 1068 781 planum
1093 715 1405 780 patulumque
1434 706 1659 782 campum
1684 712 1913 776 educer‘e,

497 801 543 839 et
566 808 677 839 cum
703 794 770 840 eis
795 793 916 840 inire
944 800 1205 840 certamen.
1871 809 1874 811 ’

560 873 683 918 Cum
705 876 887 930 autern,
914 879 966 918 ut
989 870 1145 935 prima
1167 869 1284 917 facie
1313 869 1532 916 aestimari
1551 871 1802 935 potuisset,
1825 870 1918 936 ipsi

494 948 794 1010 Gandenses,
811 949 983 996 multas
998 959 1160 996 secum
1178 947 1423 995 machinas
1433 946 1674 995 trahentes
1685 985 1699 1009 ‚
1722 948 1918 996 ordines

492 1041 680 1073 servare
718 1025 1022 1083 viderentur,
1065 1026 1286 1090 aciesque
1315 1036 1424 1071 suas
1448 1024 1689 1090 pedestres
1709 1026 1918 1075 rationa-

449 1104 452 1106 ’
490 1101 647 1150 biliter
682 1104 958 1150 instruxisse
980 1104 1182 1169 (paucos
1221 1103 1351 1150 enim
1375 1102 1514 1149 valde
1543 1104 1729 1167 equites
1764 1103 1916 1152 habe-

491 1181 629 1245 bant)
650 1217 662 1238 ,
711 1193 871 1229 tamen
888 1220 900 1244 ,
946 1198 1059 1230 cum
1101 1182 1302 1247 propius
1352 1181 1415 1229 ad
1453 1181 1782 1230 dimicandum
1817 1199 1919 1231 sese

491 1259 839 1316 admoverunt,
866 1260 1050 1307 nullam
1073 1259 1147 1307 vel
1173 1259 1424 1306 minimam
1454 1258 1674 1306 hostibus
1702 1260 1919 1308 resisten-

493 1337 603 1383 tiam
640 1336 894 1384 dederunt.
933 1338 1084 1384 PreSsi
1113 1337 1242 1384 enim
1272 1332 1451 1400 sagittis
1488 1346 1631 1401 atque
1661 1332 1919 1386 missilibus

489 1415 803 1462 Picardorum
828 1416 1206 1480 sagittariorum,
1242 1414 1444 1462 turbatis
1467 1414 1581 1462 inde
1612 1415 1919 1482 confusisque

490 1492 765 1554 ordinibus,
789 1501 838 1540 et
859 1493 1076 1559 apprime
1098 1505 1208 1540 cum
1231 1493 1280 1539 in
1301 1509 1384 1539 eos
1399 1493 1583 1557 equites
1607 1492 1743 1542 ducis
1765 1494 1919 1543 irrue-

490 1581 596 1618 rent
614 1609 625 1631 ,
659 1584 747 1617 suo
773 1572 915 1619 solito
947 1581 1082 1619 more
1105 1583 1237 1635 terga
1258 1579 1498 1619 vertentes
1515 1607 1528 1630 ‚
1553 1573 1636 1637 qui
1655 1576 1919 1639 potuerunt

488 1649 549 1696 ad
573 1650 731 1713 fugam
757 1663 807 1696 se
829 1643 1090 1711 dederunt3
1112 1660 1234 1713 quos
1259 1665 1286 1696 a
1302 1659 1438 1714 tergo
1463 1650 1769 1715 Insequentes
1785 1689 1798 1713 ,
1826 1651 1917 1699 eis-³

488 1743 582 1791 que
599 1728 804 1791 graviter
816 1728 1122 1775 imminentes
1135 1727 1318 1792 equites
1335 1743 1390 1774 ac
1403 1728 1632 1792 sagittarii
1650 1728 1914 1794 pedestres)

488 1806 748 1852 maximam
779 1804 840 1851 de
868 1805 983 1870 ipsis
1013 1814 1219 1870 stragem
1252 1804 1508 1852 fecerunt¹.
1540 1805 1735 1853 Plurimi
1757 1807 1918 1854 anterii

489 1899 545 1930 ex
583 1883 718 1948 ipsis,
763 1883 1004 1930 enatando
1045 1883 1107 1931 ad
1142 1883 1284 1930 aliam
1322 1883 1535 1931 fluminis
1574 1884 1781 1950 ripam²,
1816 1886 1919 1933 ‘sese
1998 1887 2000 1890 ’

489 1960 756 2008 subducere
774 1961 1043 2009 imminenti
1068 1962 1235 2009 mortis
1258 1961 1474 2027 periculo
1492 1962 1756 2027 cupientes,
1782 1956 1919 2027 aquis

490 2039 708 2086 suffocati
747 2040 964 2099 fuerunt3
1004 2057 1211 2105 quorum
1250 2039 1484 2088 cadavera
1519 2040 1731 2087 fluminis
1771 2040 1920 2106 ipsius

490 2131 655 2164 cursus
679 2118 726 2164 in
761 2129 1026 2183 conspectu
1055 2132 1250 2178 eorum,
1281 2117 1435 2180 quiin
1469 2117 1652 2182 oppido
1676 2124 1918 2166 remanse-

491 2205 625 2257 rant,
648 2195 794 2260 paulo
818 2204 929 2261 post
948 2195 1156 2243 advexit.
1186 2198 1253 2241 Ex
1276 2194 1570 2259 fugientibus
1592 2196 1778 2254 autem,
1805 2199 1918 2244 clim

490 2290 673 2321 cuneus
696 2291 752 2320 ex
777 2275 891 2339 ipsis
914 2273 977 2321 ad
1010 2273 1136 2321 mille
1160 2274 1348 2321 circiter
1379 2283 1426 2320 et
1453 2273 1742 2337 quingentos
1763 2273 1915 2336 viros,

491 2352 736 2418 quoddam
778 2363 970 2418 pratum
1012 2352 1268 2399 introiisset
1312 2352 1445 2415 juxta
1485 2351 1699 2399 fluminis
1733 2351 1917 2418 ripaffi,

492 2429 626 2496 quod
648 2430 851 2495 saepibus
871 2430 1173 2494 dumetisque
1198 2438 1458 2492 utcumque
1478 2428 1704 2475 vallatum
1729 2432 1920 2495 protec-

493 2520 691 2573 tumque
706 2507 974 2569 videbatur,
996 2507 1338 2571 aliquantisper
1358 2505 1578 2554 hostibus
1597 2507 1915 2569 restiteru'nt'3

547 2665 587 2703 1,
619 2664 669 2701 23
689 2661 817 2710 juillet
837 2663 954 2701 1453.

548 2731 587 2767 2.
619 2728 816 2767 L’Escaut.

549 2791 586 2828 3.
619 2787 767 2827 Olivier
793 2788 841 2827 de
865 2790 919 2826 La
941 2785 1116 2836 Mache,
1145 2786 1211 2838 qui
1238 2785 1327 2825 elait
1352 2788 1372 2825 ὲ
1398 2785 1434 2825 la
1463 2784 1617 2825 bataille
1635 2817 1645 2835 ‚
1667 2782 1774 2838 parl'e
1793 2780 1919 2842 moins

494 2848 862 2901 dedaigneusement
895 2846 943 2887 de
972 2845 1009 2886 la
1040 2847 1245 2886 resistance
1279 2847 1346 2899 qui
1377 2842 1435 2885 iut
1467 2845 1557 2885 faite
1591 2853 1658 2884 sur
1692 2855 1737 2884 ce
1769 2841 1879 2897 point
1904 2860 1913 2900 ς

499 2929 514 2945 u
536 2912 665 2947 certes
699 2920 750 2947 un
778 2906 949 2947 Gandois
975 2905 1092 2945 vilain
1118 2915 1155 2945 et
1185 2906 1234 2945 de
1259 2906 1353 2959 petit
1382 2913 1501 2952 estat,
1523 2913 1561 2944 et
1585 2917 1672 2944 sans
1698 2913 1787 2943 nom
1817 2902 1919 2956 potii·
