2086 3528
768 341 916 384 uim
944 336 1192 394 ρωπος.
1622 346 1701 385 nos

282 437 600 492 magnamque
616 426 713 475 illic
732 429 1027 490 [francorum
1042 428 1296 477 confluisse
1311 429 1667 479 multitudinem
1684 470 1697 494 ‚

281 503 344 555 ab
375 504 458 555 illo
486 505 684 554 navium
713 521 1055 570 armorumque
1083 517 1317 572 apparatu
1340 517 1575 556 cessatum
1596 520 1696 570 est;

280 598 341 631 eo
363 583 497 648 quod
525 592 753 649 protunc,
788 584 936 631 totius
969 584 1064 637 loci
1096 585 1364 633 munitione
1400 587 1450 634 in
1485 587 1699 638 hostium

279 671 564 727 potestatem
585 662 804 721 redacta,
837 678 997 718 serum
1025 662 1189 717 suisset
1219 673 1266 710 et
1290 680 1697 729 supervacaneum

278 739 540 799 retinendae
560 739 873 805 possessionis
894 755 1141 804 apponere
1162 740 1431 788 remedium
1444 777 1457 802 ‚
1483 742 1544 790 de
1566 741 1698 808 [qua]

279 817 607 883 recuperanda
636 817 822 883 potius,
855 818 894 865 si
931 817 1127 866 facultas
1156 819 1511 883 permitteretur
1537 819 1701 884 (quod

277 895 474 962 quidem
491 913 592 944 non
617 913 790 962 parum
813 896 1089 946 habiturum
1112 907 1215 945 erat
1232 896 1556 964 difficultatis)
1577 937 1589 962 ‚
1617 915 1702 947 co-

277 974 526 1040 gitandum
546 975 715 1030 fuerat.
1014 969 1015 973 ¹

342 1053 669 1100 Adventarant
696 1053 883 1100 circiter
914 1052 1044 1100 illam
1065 1052 1236 1102 horam
1261 1055 1323 1102 ad
1345 1055 1506 1120 ipsum
1527 1054 1701 1102 ducem

275 1129 584 1177 Summerseti
601 1167 614 1191 ,
635 1129 890 1195 episcopus
926 1130 1194 1182 Baiocensis
1217 1148 1329 1178 cum
1355 1131 1631 1179 Abrincensi
1653 1142 1703 1180 et

275 1208 558 1255 Lexoviensi
574 1211 611 1266 ¹,
638 1209 785 1272 gratia
806 1208 1001 1265 concilii,
1016 1209 1319 1271 celebrandi,
1342 1211 1476 1275 juxta
1498 1212 1547 1258 id
1567 1211 1702 1277 quod

276 1284 344 1332 eis
367 1285 527 1350 priore
549 1285 628 1332 die
651 1285 803 1333 fuerat
825 1285 1117 1333 intimatum.
1144 1287 1370 1344 Quicum
1392 1289 1548 1352 ipsum
1573 1289 1704 1353 prin-

275 1363 431 1426 cipem
445 1363 568 1411 adeo
587 1369 747 1411 mente
765 1372 1124 1411 consternatum
1139 1366 1472 1430 conspicerent
1486 1402 1498 1424 ,
1521 1382 1700 1431 oppor-

275 1448 391 1488 tune
411 1441 500 1489 sibi
538 1441 778 1490 affuerunt
795 1478 808 1501 ‚
834 1451 889 1489 ut
911 1459 1008 1489 suae
1037 1443 1219 1506 ingenti
1250 1443 1482 1491 moestitioe
1505 1445 1700 1508 aliquod

274 1515 642 1567 delinimentum
667 1519 980 1583 solamenque
1011 1518 1153 1566 bonae
1184 1521 1311 1585 spei,
1349 1520 1478 1568 velut
1503 1520 1699 1568 medici-

274 1608 386 1644 nam
414 1594 598 1656 utilem,
622 1604 939 1660 apponerent.
957 1598 1180 1652 Quorum
1202 1595 1505 1645 sermonibus
1523 1605 1570 1645 et
1592 1596 1700 1642 dul·-

273 1671 410 1722 cibus
431 1672 843 1727 exhortationibus
867 1673 1030 1732 sanior
1049 1673 1222 1720 mentis
1242 1673 1438 1721 effectus
1453 1710 1464 1732 ‚
1491 1674 1591 1738 ipse
1610 1672 1701 1719 sibi

274 1748 589 1813 pollicebatur
634 1751 914 1815 hujusmodi
960 1766 1121 1799 arcem
1158 1751 1396 1816 perditam
1436 1751 1560 1808 infra
1600 1751 1700 1798 dies

274 1842 455 1891 paucos
484 1838 893 1894 recuperaturum.
932 1829 1026 1876 Sed
1061 1828 1277 1893 proiecto
1311 1844 1412 1876 non
1444 1838 1542 1876 tam
1566 1827 1701 1875 facile

275 1914 378 1955 erat
396 1904 730 1968 hujuscemodi
751 1905 1119 1971 implementum
1138 1905 1496 1972 pollicitationis
1509 1943 1521 1967 ‚
1550 1922 1701 1970 quan-

274 1991 377 2036 tum
407 1981 496 2031 sihi
519 1983 675 2048 prima
711 1983 829 2032 facie
862 1982 1114 2031 videbatur
1143 2001 1152 2029 :
1187 2000 1300 2037 nam
1337 2000 1426 2032 nec
1467 2001 1617 2048 usque
1648 1984 1697 2030 in

273 2057 406 2110 hunc
427 2060 556 2114 diem
578 2061 648 2110 rei
671 2059 903 2109 exhibitio
928 2069 1186 2108 consecuta
1207 2069 1295 2107 est.

339 2139 464 2190 Misit
476 2150 639 2194 autem
655 2139 786 2190 idem
802 2139 900 2188 dux
923 2139 1084 2187 statim
1102 2139 1225 2190 duos
1241 2139 1465 2187 heraldos
1487 2139 1548 2186 ad
1565 2138 1701 2186 illum

275 2217 511 2282 oppidum
558 2218 935 2280 Pontis-Archae‚
974 2218 1057 2282 qui
1102 2217 1249 2265 duces
1284 2221 1581 2265 Francorum
1618 2218 1700 2282 qui

274 2293 370 2351 illic
392 2295 590 2350 aderaut
606 2333 620 2359 ,
645 2313 854 2360 quorum
874 2295 1102 2361 praecipui
1128 2295 1260 2344 fuere
1283 2295 1509 2348 dominus
1534 2299 1700 2343 Petrus

275 2372 336 2420 de
375 2376 548 2438 Brese',
593 2376 677 2441 qui
707 2386 873 2442 postea
903 2375 990 2423 fuit
1024 2391 1228 2440 magnus
1257 2374 1542 2422 senescallus
1576 2377 1698 2420 Nor·

274 2453 479 2500 manniae
495 2489 507 2513 ,
562 2454 818 2520 Floquetus
835 2493 847 2517 ,
890 2454 1097 2504 Jacobus
1145 2454 1206 2504 de
1258 2453 1609 2509 Claro-Monte
1653 2460 1700 2501 et

276 2529 556 2582 Guillelmus
594 2531 654 2580 de
697 2534 846 2598 Bigar
861 2535 876 2557 ¹
892 2570 905 2596 ,
947 2542 1266 2590 summarent‚
1307 2532 1699 2596 requirerentque

328 2682 369 2722 1.
398 2678 596 2732 L'eveque
620 2679 669 2719 de
690 2683 849 2732 Bayeux
871 2682 963 2721 &tait
986 2682 1089 2721 alors
1117 2693 1170 2720 un
1194 2680 1332 2719 Italien
1363 2676 1519 2716 nomme
1544 2678 1700 2714 Zanone

276 2740 326 2781 da
351 2740 608 2792 Castiglione3
637 2741 738 2779 celui
768 2740 1035 2791 d’Avranches
1060 2740 1264 2793 s’appelait
1287 2739 1428 2777 Mai-tin
1459 2735 1623 2783 Pinard‚
1663 2744 1701 2774 et

276 2801 379 2839 enfin
395 2800 496 2839 celui
509 2799 558 2839 de
570 2800 725 2839 Lisieux
739 2800 831 2839 etait
841 2801 1008 2840 l'auteur
1020 2801 1147 2840 meme
1154 2799 1203 2838 de
1213 2811 1257 2837 ce
1271 2798 1379 2843 recit,
1389 2795 1555 2835 Thomas
1569 2795 1696 2834 Basin.
1738 2810 1739 2813 ¹

331 2862 369 2899 2.
395 2861 428 2899 Il
444 2874 470 2911 y
489 2875 512 2899 a
530 2861 723 2912 plusieurs
739 2862 1019 2902 inexactitudes
1037 2862 1132 2901 dans
1150 2861 1206 2900 les
1222 2873 1334 2900 noms
1350 2859 1420 2898 des
1439 2868 1701 2913 personnages
