2086 3528
1942 0 2086 308 Ἴ,

519 365 571 403 20
897 363 1240 402 HISTORIARUM
1265 363 1446 402 CAROLI
1472 363 1545 399 VII

519 447 707 512 cigenas
721 445 783 495 ad
801 446 1128 495 dimicandum
1144 457 1191 495 et
1206 447 1376 513 proelio
1393 443 1801 510 congrediendum
1818 460 1934 510 pro-

518 539 689 571 vocare
721 532 781 570 et·
799 523 1035 571 attrahere
1065 533 1242 588 posset.
1280 525 1526 572 Accinctus
1558 522 1701 586 igitur
1731 521 1820 568 iter
1840 516 1946 584 egfl

517 617 603 666 per
632 617 770 664 agros
792 600 1103 662 Caletenses¹,
1131 600 1312 666 praedas
1340 601 1526 666 agendo
1552 610 1600 647 et
1622 607 1793 647 cuncta
1817 598 1932 646 diri-

517 677 722 743 piendo;
760 686 808 724 et
837 676 1036 725 flumine
1058 679 1332 725 Summonae
1362 678 1665 738 transmisso,
1695 676 1746 723 in
1775 675 1932 724 Picar-

517 754 647 802 diam
671 755 817 802 venit.
832 772 834 774 ·
852 755 1058 803 Franciae
1090 771 1204 802 vero
1225 755 1463 819 principes
1495 764 1542 802 et
1564 754 1844 819 optimates,
1869 752 1933 801 ad

514 851 739 899 magnam
773 834 863 882 sibi
905 851 1151 882 cessurum
1194 834 1509 899 ignominiam
1550 843 1855 900 reputantes,
1893 833 1932 882 si

513 914 685 980 praedis
720 924 950 962 onustum
984 931 1096 961 cum
1128 913 1428 978 captivorum
1465 913 1792 973 multitudine,
1831 922 1932 961 tam

434 1047 437 1051 ⁴
514 990 660 1057 longo
680 992 848 1040 itinere
865 992 1030 1039 omnia
1051 990 1346 1039 devastando
1365 1000 1413 1038 et
1428 990 1716 1057 diripiendo,
1740 989 1931 1038 hostem

511 1068 642 1117 abire
681 1070 1007 1135 permisissent
1026 1108 1038 1131 ,
1085 1069 1346 1116 exercitum
1395 1085 1626 1132 magnum
1668 1068 1730 1116 de
1783 1068 1931 1116 totius

512 1149 647 1212 regni
663 1147 912 1202 nobilitate
932 1158 979 1196 et
994 1147 1236 1210 armigeris
1260 1156 1545 1210 coegerunt3
1568 1162 1680 1194 nam
1700 1162 1930 1195 numerus

512 1225 785 1291 quadruplo
820 1235 868 1272 et
899 1225 1103 1290 amplius
1137 1224 1290 1288 major
1323 1240 1470 1288 quam
1505 1223 1779 1286 Anglorum·
1795 1240 1929 1272 exer-

509 1302 629 1350 citus
654 1312 772 1349 erat.
800 1302 895 1349 Sed
927 1310 1056 1350 certe
1085 1300 1245 1365 Anglis
1269 1300 1582 1364 Virgilianum
1603 1299 1722 1348 illud
1750 1316 1929 1350 conve-

512 1380 616 1427 nire
643 1388 860 1446 poterat:

718 1491 846 1540 Exigui
864 1503 1015 1526 numero
1030 1519 1040 1536 ,
1056 1490 1118 1526 sed
1137 1491 1231 1526 bello
1245 1490 1365 1528 vivida
1380 1491 1503 1527 virtus.

505 1587 685 1647 Contra
717 1615 832 1647 vero
860 1599 1052 1659 Franci,
1089 1597 1199 1645 licet
1225 1597 1410 1645 robusti
1438 1598 1548 1646 satis
1574 1607 1622 1645 et
1648 1598 1792 1646 armis
1824 1599 1926 1646 ani-

506 1678 692 1742 misque
712 1677 931 1725 instructi
955 1677 1132 1734 forent,
1158 1686 1319 1724 tamen
1343 1675 1526 1741 absque
1547 1675 1741 1724 militari
1757 1676 1927 1724 ordine

504 1764 552 1803 et
573 1755 845 1821 disciplina,
863 1765 1027 1819 atque,
1050 1771 1106 1802 ex
1128 1755 1273 1818 longa
1296 1755 1455 1818 quiete
1478 1764 1525 1801 et
1546 1770 1689 1819 pace,
1716 1755 1935 1803 exercitii.

504 1850 749 1881 armorum
786 1834 1052 1897 inexpertes
1089 1842 1240 1879 erant.
1292 1833 1387 1897 lpsi
1426 1833 1586 1896 itaque
1626 1849 1683 1879 ex
1719 1832 1925 1893 ‘diversis

503 1911 637 1975 regni
651 1910 888 1976 partibus,
907 1920 1006 1957 tam
1028 1909 1268 1974 principes
1280 1909 1504 1973 majores,
1530 1925 1678 1974 quam
1691 1910 1920 1972 minores,

503 1989 666 2048 duces,
702 1988 928 2049 comites,
965 1987 1197 2046 barones,
1234 1988 1406 2034 milites
1441 1997 1488 2034 et
1517 1987 1705 2035 nobiles
1742 1987 1924 2051 ingenti

504 2083 709 2115 numero
732 2066 1032 2131 congregati,
1060 2065 1254 2112 obviam
1277 2081 1327 2112 se
1350 2064 1612 2129 Anglorum
1637 2065 1737 2128 regi
1763 2074 1811 2112 et
1833 2082 1922 2113 suo

501 2145 726 2192 exercitui
754 2143 985 2208 objicere,
1016 2159 1078 2190 ne
1106 2142 1231 2189 ultra
1258 2141 1562 2207 procederet,
1586 2141 1915 2191 decreverunt.

502 2222 646 2280 Quod
680 2233 726 2269 et
753 2222 967 2270 fecerunt
984 2259 996 2282 ,
1028 2230 1082 2268 ut
1109 2236 1192 2268 eos
1219 2220 1280 2267 ad
1309 2219 1638 2267 dimicandum
1661 2221 1918 2286 compelle-

500 2309 622 2347 rent.
658 2302 716 2346 Et
743 2299 901 2346 ferunt
929 2297 1149 2345 nonnulli
1175 2296 1328 2361 (quod
1351 2313 1412 2344 an
1441 2298 1507 2344 ita
1527 2314 1576 2345 se
1598 2297 1797 2359 habeat,
1817 2315 1916 2346 non
1971 2295 1973 2299 ’

500 2378 610 2426 satis
645 2377 879 2424 habemus
920 2374 1242 2441 compertum)
1285 2391 1445 2438 regem
1483 2374 1768 2438 Anglorum‚
1806 2392 1919 2424 cum

502 2465 599 2502 tam
619 2470 930 2501 numerosum
950 2462 1093 2516 atque
1108 2450 1318 2499 validum
1342 2451 1599 2498 exercitum
1618 2451 1706 2500 sibi
1721 2451 1917 2500 obvium

505 2533 755 2581 accessisse
780 2531 1090 2593 intelligeret,
1135 2528 1339 2576 ducibus
1361 2532 1655 2577 Francorum
1689 2530 1918 2589 obtulisse

504 2611 746 2659 restituere
769 2608 1004 2675 oppidum
1021 2607 1081 2654 de
1104 2606 1259 2667 Cales,
1286 2616 1333 2653 et
1349 2623 1579 2670 magnum
1601 2608 1704 2655 auri
1723 2607 1918 2674 pondus

503 2689 770 2753 persolvere
789 2726 801 2750 ,
833 2688 872 2735 si
896 2686 1045 2734 libere
1079 2696 1126 2733 et
1153 2684 1333 2749 absque
1356 2684 1535 2733 damno
1558 2686 1710 2750 gentis
1738 2702 1833 2734 suae
1853 2686 1916 2736 ad

554 2873 592 2909 1.
623 2872 677 2908 Le
697 2881 792 2921 pays
811 2866 859 2906 de
878 2868 995 2906 Caux.

2079 2767 2086 2779 .-
2074 2404 2086 2747 -.ιὺ-ᾱΛι-Αα-αμα.
2082 2388 2086 2393 ,
2083 2369 2086 2375 .
2078 2327 2086 2355 s-
