2086 3528
727 349 875 386 LIBER
902 348 1172 387 SECUNDUS.
1611 349 1661 385 43

633 558 833 611 LIBER
891 558 1255 612 SECUNDUS.

864 729 1040 738 —————-

634 807 978 888 cAprr'ULUM
1013 842 1266 888 PRIMUM.

233 958 397 1005 Qualiter
416 962 566 997 Carolus
588 963 662 996 VII
674 989 682 1005 ‚
703 971 804 1010 patre
827 971 969 997 mortuo
982 989 992 1006 ,
1012 975 1048 997 se
1065 975 1183 1010 regem
1200 962 1420 997 Francorum
1435 960 1607 1005 titulavit;
1633 969 1667 995 et

353 1020 399 1057 de
414 1022 606 1057 miserabili
627 1022 728 1070 regni
752 1022 959 1066 vastatione,
976 1034 1053 1070 quae
1070 1022 1141 1057 suis
1157 1021 1305 1069 contigit
1320 1020 1551 1069 temporibus.

303 1140 455 1186 Nemo
469 1175 482 1200 ,
526 1138 598 1184 uti
639 1137 950 1199 arbitramur,
992 1136 1134 1185 nobis
1170 1137 1346 1202 poterit
1385 1150 1666 1184 succensere

237 1216 372 1282 quod
395 1227 525 1282 gesta
546 1219 704 1266 Caroli
728 1221 830 1277 Vll,
855 1221 1151 1266 Francorum
1172 1217 1317 1281 regis,
1339 1215 1504 1263 litteris
1526 1230 1667 1262 man-

237 1295 424 1358 dantes,
450 1306 672 1362 tempora
695 1297 745 1343 in
771 1305 923 1362 parte,
953 1294 1128 1360 quibus
1151 1310 1264 1341 suus
1287 1293 1476 1358 genitor
1497 1308 1666 1355 regna-

237 1374 375 1436 verit,
401 1374 643 1439 prosecuti
668 1391 833 1421 sumus
854 1393 867 1435 3
907 1389 1043 1433 nam,
1066 1382 1120 1420 ut
1143 1372 1255 1419 satis
1286 1388 1341 1418 ex
1367 1386 1509 1436 supra
1530 1369 1668 1417 dictis

237 1451 429 1513 claruit,
449 1451 583 1511 licet,
608 1452 797 1499 vivente
815 1461 950 1517 patre
964 1488 976 1512 ,
1000 1450 1064 1498 ob
1083 1449 1402 1497 reverentiam
1418 1457 1667 1513 paternam

237 1529 522 1578 abstinuerit
545 1530 685 1577 titulo
713 1539 760 1577 et
775 1530 972 1577 nomine
986 1565 998 1585 ,
1015 1528 1270 1592 solumque
1287 1525 1505 1591 delphini
1529 1525 1666 1572 titulo

237 1617 491 1655 contentus
512 1607 680 1666 fuerit,
708 1607 878 1671 majori
910 1616 1069 1654 tamen
1101 1605 1313 1672 portioni
1343 1604 1478 1668 regni
1501 1604 1663 1666 totius,

237 1685 382 1734 etiam
416 1685 590 1732 eodem
623 1685 814 1732 vivente
853 1694 1014 1751 patre,
1047 1683 1263 1750 praefuit3
1301 1681 1390 1729 sub
1426 1698 1582 1746 eoque
1621 1691 1669 1728 et

238 1761 328 1810 sihi
372 1766 667 1811 Francorum
699 1763 874 1828 copiae,
897 1761 1044 1809 duces
1069 1772 1116 1810 et
1145 1761 1378 1810 exercitus
1403 1759 1668 1807 militarunt

237 1849 285 1887 et
317 1850 609 1906 paruerunt,
642 1850 741 1889 tam
766 1850 934 1888 contra
965 1840 1140 1904 Anglos
1175 1855 1323 1904 quam
1348 1847 1516 1885 contra
1552 1841 1667 1885 Bur-

239 1918 526 1982 gundiones.
555 1921 738 1981 Quare,
766 1935 878 1966 cum
911 1934 967 1966 ea
999 1934 1103 1983 quae
1134 1933 1279 1982 supra
1313 1915 1586 1975 retulimus,
1621 1926 1668 1963 et

238 1995 328 2043 sub
350 1996 480 2062 ipso,
504 2005 550 2044 et
576 1997 672 2043 suis
706 2006 836 2060 gesta
864 1996 958 2043 sint
980 1995 1303 2060 temporibus,
1335 2010 1436 2041 non
1473 1993 1668 2042 fuerunt

239 2082 338 2121 tam
360 2090 543 2137 magnae
568 2091 623 2122 ac
645 2074 930 2140 ponderosae
952 2091 1050 2135 res,
1077 2073 1219 2121 nobis
1243 2073 1319 2120 sui
1342 2073 1570 2138 temporis
1593 2089 1667 2119 res

240 2161 392 2215 gestas
413 2163 687 2201 memoratu
707 2153 875 2218 dignas
886 2152 1156 2200 describere
1174 2151 1464 2212 volentibus,
1479 2161 1683 2216 praeter-2

239 2230 512 2291 mittendae,
536 2231 618 2278 sed
638 2248 725 2278 suo
742 2241 961 2297 tempore
980 2229 1326 2278 rationabiliter
1345 2229 1633 2295 deputandae
1650 2267 1662 2291 ,

240 2308 485 2373 potissime
529 2325 587 2357 ex
627 2326 686 2357 eo
727 2310 958 2375 temporis
989 2309 1192 2358 articulo
1207 2346 1219 2368 ,
1254 2325 1378 2373 quo,
1429 2318 1482 2355 ut
1522 2325 1667 2373 supra

240 2388 597 2445 annotavimus,
621 2405 648 2436 e
668 2389 797 2453 regia
823 2388 943 2436 urbe
963 2398 1010 2436 et
1031 2387 1180 2436 domo
1205 2397 1406 2453 paterna
1429 2397 1666 2435 extractus

241 2472 384 2528 atque
401 2465 618 2528 eductus,
634 2483 722 2514 suo
737 2467 896 2514 solum
911 2466 1100 2513 nomini
1117 2467 1287 2513 Franci
1298 2465 1499 2513 militare
1513 2482 1666 2531 coepe-

241 2552 379 2603 runt,
408 2552 456 2590 et
473 2560 585 2591 eum
606 2562 696 2610 pro
713 2545 930 2611 principe
946 2545 1105 2592 colere
1123 2553 1170 2591 et
1191 2543 1395 2602 habere,
1419 2553 1552 2609 patre
1575 2560 1664 2590 suo

241 2620 364 2667 inter
381 2621 776 2685 Burgundionum
794 2639 981 2683 manus,
993 2633 1040 2670 et
1054 2622 1367 2688 postmodum
1381 2621 1662 2685 Anglorum,

241 2699 502 2747 constituto
521 2709 568 2747 et
589 2701 770 2750 relicto.
795 2704 918 2749 Cum
941 2718 1058 2749 vero
1072 2738 1084 2762 ,
1107 2701 1170 2750 ad
1192 2700 1553 2765 intelligentiam
1576 2699 1665 2746 hu-

237 2778 506 2842 juscemodi
525 2779 777 2840 malorum,
797 2781 1115 2828 necessarium
1134 2780 1274 2827 fuerit
1291 2779 1503 2827 radicem
1523 2787 1666 2841 atque

243 2857 476 2921 originem
508 2856 720 2906 civilium
748 2858 1122 2919 discordiarum,
1155 2858 1285 2906 unde
1313 2867 1411 2904 tam
1443 2855 1504 2903 ad
1539 2854 1665 2903 bella
