2086 3528
520 356 569 393 88
906 352 1249 392 HISTORIARUM
1275 352 1458 391 CAROLI
1485 352 1556 391 VII

517 438 646 486 enim
674 434 908 502 oppidum
927 434 1168 483 moenibus
1190 444 1237 483 et
1260 435 1383 483 vallo
1406 436 1517 483 satis
1544 434 1750 482 tenuiter
1775 443 1823 482 et
1846 432 1941 481 exi-

516 517 622 563 liter
644 518 883 563 munitum
903 514 1054 572 foret,
1081 525 1215 562 erant
1244 525 1404 563 tamen
1429 515 1555 562 intus
1575 513 1940 560 fortissimorum

517 610 575 640 ex
596 593 786 640 Francis
807 602 852 639 et
867 592 1020 638 Scotis
1034 592 1249 639 virorum
1268 592 1425 640 valida
1440 591 1679 657 praesidia,
1701 590 1810 654 qui,
1831 606 1943 637 cum

519 687 680 718 rerum
702 669 985 718 bellicarum
1009 679 1056 717 et
1072 669 1384 717 tutandarum
1402 670 1584 718 arcium
1603 685 1659 716 ac
1678 667 1942 716 defenden-

516 748 684 795 darum
712 747 854 813 periti
879 757 1061 806 essent,
1087 757 1255 795 contra
1277 747 1541 811 Anglorum
1576 761 1875 810 aggressuras
1896 755 1944 794 et

517 826 766 873 molimina
806 825 1161 888 vigilantissime
1196 825 1408 873 remedia
1440 825 1767 892 apponebant.
1805 823 1946 872 Unde

516 904 693 952 factum
718 913 790 951 est
821 913 875 950 ut
909 904 1114 968 Anglici‚
1142 903 1252 951 licet
1274 903 1368 950 illic
1399 920 1512 951 cum
1542 902 1944 952 validoexercitu

516 981 599 1028 diu
623 982 733 1029 satis
754 982 1222 1042 castratenuissent,
1245 981 1405 1045 ipsum
1427 990 1587 1027 tamen
1608 979 1843 1046 oppidum
1869 996 1948 1027 ex·-
1979 1036 1981 1039 ¹

515 1075 733 1124 pugnare
756 1059 953 1106 minime
976 1067 1253 1123 potuerunt.
1282 1061 1432 1107 Porro
1458 1074 1570 1105 cum
1591 1057 1794 1105 obsessis
1815 1057 1949 1105 nulla

518 1137 578 1185 de
616 1138 732 1185 foris
770 1136 1050 1184 victualium
1086 1145 1135 1183 et
1170 1152 1333 1183 rerum
1366 1135 1740 1183 necessariarum
1780 1134 1949 1183 solatia

518 1216 830 1280 provenirent
843 1251 856 1275 ‚
882 1214 986 1262 dira
1009 1214 1207 1261 tandem
1228 1214 1355 1261 fame
1376 1230 1435 1261 ex
1457 1212 1686 1278 temporis
1707 1212 1950 1260 diuturni-

518 1303 615 1340 tate
638 1293 880 1340 constricti
906 1301 1032 1341 sunt.
1062 1291 1209 1350 Quod
1231 1309 1333 1339 non
1349 1291 1613 1339 nescientes
1632 1290 1826 1350 Franci,
1847 1306 1951 1354 gra—

522 1371 764 1418 vissimam
798 1371 1036 1434 jacturam
1073 1379 1381 1435 reputantes,
1416 1368 1455 1415 si
1490 1367 1724 1434 oppidum
1758 1367 1947 1433 ipsum,

521 1448 656 1512 quod
678 1448 741 1495 ad
763 1448 1039 1496 venandam
1061 1447 1443 1513 capiendamque
1465 1445 1726 1510 aliquando
1759 1462 1840 1493 seu
1872 1460 1952 1492 re-

521 1526 851 1592 cuperandam
889 1526 1202 1574 Parisiensem
1234 1525 1437 1587 urbem,
1478 1525 1852 1572 instrumentum
1885 1524 1954 1572 eis

523 1604 690 1652 efficax
714 1622 816 1652 esse
842 1614 1058 1670 poterat,
1087 1603 1229 1651 simul
1254 1604 1397 1651 etiam
1432 1603 1471 1649 si
1496 1613 1542 1650 et
1571 1602 1701 1651 illam
1723 1601 1952 1650 strenuis-

523 1685 695 1731 simam
716 1683 952 1744 militiam,
980 1700 1085 1748 quae
1107 1683 1203 1731 illic
1225 1691 1342 1742 erat,
1367 1681 1611 1747 perditum
1632 1680 1693 1728 iri
1713 1697 1801 1746 per
1818 1681 1953 1745 igna-

522 1762 651 1808 viam
674 1771 757 1809 aut
778 1771 1026 1827 torporem
1049 1761 1381 1827 permitterent
1402 1795 1415 1820 ,
1443 1759 1566 1806 duce
1586 1758 1758 1806 illustri
1778 1757 1955 1806 comite

524 1840 771 1902 Dunensi‚
798 1839 860 1887 de
893 1857 991 1904 quo
1028 1856 1175 1905 supra
1206 1841 1308 1904 jam
1335 1838 1579 1886 multoties
1616 1838 1951 1897 meminimus,

525 1917 728 1965 obsessis
753 1934 1034 1965 succursum
1057 1918 1382 1982 auxiliumque
1416 1916 1656 1978 tulerunt;
1683 1917 1956 1981 irrumpen-

523 2005 690 2060 tesque
706 1995 755 2042 in
773 1996 1034 2060 Anglorum
1047 1997 1364 2044 munitissima
1382 2005 1556 2057 castra,
1577 2012 1664 2061 per
1678 2011 1785 2060 quae
1797 1994 1955 2043 solum

526 2073 588 2121 ad
612 2074 848 2140 oppidum
870 2075 1063 2140 patebat
1094 2077 1359 2140 ingressus,
1389 2076 1519 2123 caesis
1552 2067 1956 2139 fugatisquess'An—

528 2150 660 2213 glicis
697 2150 823 2198 ferro
859 2162 907 2199 et
940 2153 1086 2200 armis
1104 2189 1115 2211 ,
1143 2153 1362 2218 pervium
1397 2152 1488 2200 sibi
1522 2152 1612 2199 iter
1640 2151 1703 2200 ad
1736 2151 1958 2199 obsessos

529 2220 1005 2290 feceruntjannonae
1032 2241 1080 2278 et
1109 2247 1271 2278 rerum
1309 2231 1484 2296 quibus
1514 2231 1719 2278 maxime
1741 2229 1958 2295 inopiam

529 2317 826 2373 paterentur,
847 2326 1010 2357 secum
1034 2309 1096 2357 ad
1119 2309 1316 2357 eosdem
1335 2309 1504 2357 solatia
1526 2308 1813 2356 deferentes.
1835 2310 1959 2356 Cum

531 2396 692 2434 autem
707 2386 805 2434 dux
824 2387 1127 2449 Bethfordiae‚
1147 2404 1247 2435 non
1263 2387 1445 2452 absque
1465 2403 1639 2451 magna
1655 2387 1804 2435 animi
1818 2402 1959 2434 moes-

529 2464 657 2525 titia,
683 2480 759 2512 res
781 2463 870 2512 sibi
893 2465 1142 2514 infeliciter
1161 2465 1422 2531 procedere
1443 2464 1649 2524 videret,
1678 2474 1725 2512 et
1744 2463 1855 2513 talia
1875 2462 1958 2511 ob-

529 2544 668 2591 sessis
691 2546 969 2610 provenisse
995 2545 1236 2606 subsidia,
1257 2556 1475 2593 metuens
1491 2562 1553 2593 ne
1574 2545 1697 2593 sibi
1685 2562 1734 2592 ln
1751 2543 1961 2593 deterius

531 2638 605 2669 res
629 2622 927 2680 succederet,
957 2623 1115 2671 soluta
1140 2623 1393 2672 obsidione
1413 2623 1534 2672 infra
1553 2639 1734 2690 paucos
1752 2622 1854 2671 dies
1869 2621 1961 2714 dis-

535 2701 675 2749 cessit
693 2711 741 2749 et
763 2701 964 2750 Parisios
986 2719 1035 2749 se
1059 2703 1284 2767 recepit¹.

586 2857 625 2894 1.
656 2858 711 2896 Le
730 2858 781 2895 10
803 2857 1034 2898 aout1432.
