2086 3528
506 378 583 415 292
890 374 1233 413 HISTORIARUM
1259 374 1441 412 CAROLI
1469 376 1538 412 VII

504 460 622 507 ditio
647 458 876 506 dissoluta
908 468 954 505 et
982 457 1166 504 defecta
1191 466 1321 516 erat,
1357 474 1467 504 cum
1499 458 1647 506 classe
1678 469 1724 507 et
1759 458 1946 508 militia-

504 554 589 585 sua
613 537 794 601 majore
823 553 879 583 ex
901 544 1036 601 parte
1062 534 1122 582 ad
1146 535 1342 602 propria
1363 538 1627 585 remeavit¹.

951 702 1298 749 CAPITULUM
1338 703 1440 747 XV.

545 813 694 857 Qualem
712 811 938 848 affectionem
953 811 1100 846 Carolus
1114 823 1177 844 rex
1192 809 1237 844 ad
1249 810 1546 858 Burgundionum
1558 811 1684 847 ducem
1696 825 1732 847 se
1746 812 1876 850 habere

1103 862 1318 898 ostenderet.

566 979 776 1043 Contigit
795 979 937 1026 etiam
950 978 1149 1037 interea,
1172 991 1325 1041 prope
1350 975 1468 1024 dum
1487 977 1708 1042 praefatus
1730 979 1924 1045 Delphi-

502 1075 592 1104 nus
615 1074 757 1104 suum
783 1056 1072 1120 relinqueret
1094 1054 1427 1118 delphinatum
1444 1092 1456 1115 ,
1485 1055 1616 1119 quod
1640 1057 1923 1105 Lancelotus

501 1153 584 1182 seu
599 1134 864 1195 Ladislaus,
886 1151 966 1181 rex
981 1132 1234 1196 Hungariae
1250 1142 1297 1178 et
1314 1132 1568 1193 Bohemiae,
1588 1151 1789 1199 magnus
1802 1137 1922 1184 Aus-

501 1213 599 1259 triae
623 1212 719 1259 dux
734 1214 764 1273 ²,
791 1211 1004 1259 Marchio
1028 1209 1249 1257 Moraviae
1273 1209 1580 1276 pluriumque
1599 1211 1800 1260 aliarum
1821 1221 1923 1260 ter-

500 1306 663 1337 rarum
695 1289 920 1336 dominus
954 1288 1310 1354 potentissimus
1343 1288 1446 1352 (qui
1479 1289 1602 1337 filius
1624 1299 1725 1337 erat
1754 1290 1925 1338 unicus

500 1368 704 1429 Alberti‚
732 1368 853 1432 regis
883 1367 1134 1431 Hungariae
1164 1375 1211 1412 et
1241 1365 1477 1414 ssohemiae
1505 1377 1553 1414 et
1586 1368 1749 1432 magni
1789 1368 1925 1416 ducis

501 1447 717 1506 Austriae,
746 1449 1073 1492 Romanorum
1096 1444 1219 1508 regis
1248 1445 1411 1511 electi,
1440 1455 1486 1493 et
1509 1445 1614 1492 filiae
1636 1445 1926 1509 Sigismundi

500 1523 850 1589 imperatoris),
869 1540 981 1569 cum
998 1522 1275 1570 adolescens
1289 1533 1426 1577 esset,
1451 1522 1650 1570 consilio
1669 1539 1924 1588 procerum

502 1615 702 1646 suorum
745 1608 793 1645 et
834 1615 1002 1645 eorum
1037 1599 1120 1661 qui
1154 1598 1256 1662 ejus
1291 1598 1519 1662 gerebant
1551 1614 1743 1663 curam,
1777 1597 1923 1648 filiam

505 1682 797 1725 Francorum
835 1678 958 1740 regis
995 1678 1175 1734 Caroli,
1214 1677 1393 1725 dictam
1429 1676 1786 1740 Magdalenam‚
1834 1677 1926 1724 foe-

503 1756 688 1821 dusque
712 1766 758 1802 et
781 1756 1034 1803 amicitiam
1062 1773 1174 1802 cum
1197 1756 1370 1803 eodem
1392 1759 1686 1803 Francorum
1709 1771 1820 1817 rege
1839 1753 1927 1803 ha-

503 1834 616 1881 bere
650 1833 967 1880 desideraret.
1009 1836 1122 1881 Erat
1156 1843 1315 1881 autem
1357 1833 1487 1880 idem
1529 1833 1780 1895 Hungariae
1814 1848 1922 1892 rex,

505 1921 702 1978 propter
737 1910 965 1958 ducatum
996 1911 1495 1975 Luxemburgensem,
1531 1926 1676 1973 quem
1706 1909 1779 1956 sui
1807 1908 1928 1973 juris

506 1989 605 2036 sore
649 1988 976 2054 praetendebat
998 2027 1010 2051 ‚
1048 1990 1271 2037 inimicus
1315 1988 1711 2052 Burgundionum
1751 1986 1921 2046 ducis3

507 2083 739 2130 eumque,
784 2083 840 2113 ex
882 2065 1008 2113 dicta
1057 2076 1103 2113 et
1146 2066 1390 2123 nonnullis
1432 2065 1586 2112 causis
1623 2064 1749 2125 aliis,
1787 2063 1927 2111 valde

505 2159 703 2190 exosum
747 2142 928 2190 habere
970 2142 1225 2190 ferebatur.
1266 2145 1386 2189 Cum
1428 2141 1571 2204 igitur
1605 2156 1748 2205 super
1789 2139 1927 2187 dictis

507 2220 731 2284 conjugio
767 2237 823 2267 ac
854 2219 1032 2267 foedere
1055 2219 1338 2284 jungendis,
1365 2236 1450 2284 per
1473 2217 1795 2265 internuntios
1814 2218 1928 2265 satis

509 2307 782 2362 opportuna
791 2298 915 2360 jacta
933 2297 1128 2344 fuissent
1139 2296 1466 2354 fundamenta,
1481 2294 1540 2343 ad
1556 2311 1656 2342 rem
1674 2293 1926 2343 absolven-

507 2373 620 2420 dam
643 2384 783 2437 atque
800 2373 1257 2434 consummandam,
1286 2373 1412 2419 misit
1434 2371 1561 2418 idem
1579 2389 1660 2418 rex
1677 2371 1928 2437 Hungariae

507 2451 568 2499 ad
592 2451 843 2512 Carolum,
879 2454 1170 2498 Francorum
1190 2467 1373 2513 regem,
1400 2450 1656 2496 maximam
1677 2449 1928 2498 solemnis-

506 2531 771 2594 simamque
796 2528 1101 2593 legationem.
1134 2530 1277 2574 Erant
1307 2528 1435 2574 enim
1469 2527 1516 2573 in
1545 2527 1714 2574 eadem
1736 2537 1783 2575 et
1805 2544 1926 2593 prae-

505 2608 585 2656 lati
622 2619 665 2654 et
703 2608 970 2673 principes,
1003 2606 1203 2652 comites
1233 2615 1278 2653 et
1313 2605 1539 2652 militares
1569 2604 1925 2671 quamplurium

559 2750 597 2785 1.
628 2747 685 2787 Cf.
717 2746 968 2796 Chastellain,
990 2747 1060 2785 111⁶
1081 2744 1227 2798 partie,
1247 2743 1309 2782 ch.
1334 2757 1384 2782 xx
1409 2751 1446 2782 et
1465 2742 1584 2794 suiv.,
1604 2751 1643 2782 et
1658 2746 1821 2795 Jacques
1844 2745 1927 2782 Du-

505 2807 651 2857 clerc‹1‚
676 2807 702 2845 l.
727 2809 771 2852 V,
794 2806 856 2845 ch.
880 2820 962 2846 xlx.

560 2869 597 2904 2.
632 2866 824 2904 Archiduc
845 2864 1082 2904 d'Autriche.
