2086 3528
449 388 526 428 318
829 383 1172 427 HISTORIARUM
1199 382 1382 424 CAROLI
1410 387 1481 423 VH

515 468 608 521 Sed
635 482 680 519 et
712 471 950 537 praecipue
980 468 1198 518 Ecclesiae
1219 470 1353 534 regni
1383 465 1455 518 sui
1478 478 1525 518 et
1549 467 1864 535 Delphinatus

447 547 747 599 libertatibus
770 558 911 614 atque
933 544 1227 611 honoribus,
1254 547 1520 596 secundum
1542 547 1738 613 antiqua
1768 545 1865 595 Pa-

447 639 575 678 trum
611 625 801 677 decreta
837 638 884 677 et
921 646 1131 677 canones
1175 624 1225 675 in
1272 623 1597 676 voluminibus
1644 623 1867 676 canonici

447 722 528 755 seu
553 706 785 773 pontificii
805 706 925 770 juris
945 707 1173 767 insertos,
1199 700 1391 752 tuendis
1421 709 1469 753 et
1494 701 1738 754 servandis
1763 698 1868 752 affi-

448 780 678 833 ciebatur.
706 788 839 843 Quos
858 801 970 832 cum
990 783 1297 832 celeberrima
1316 779 1520 831 concilia
1543 778 1762 831 Ecclesiae
1786 792 1867 830 ca-

448 864 635 912 tholicae
668 865 1030 912 Constantiense
1069 865 1310 930 primum,
1357 858 1533 911 deinde
1570 864 1864 925 Basileense,

447 943 760 990 innovassent
800 952 941 1006 atque
985 942 1288 990 observanda
1330 958 1417 1007 per
1456 940 1715 989 Ecclesiam
1758 941 1870 988 uni-

447 1036 634 1068 versam
658 1021 978 1068 decrevissent
994 1055 1008 1079 ,
1037 1018 1207 1068 eadem
1242 1015 1386 1067 etiam
1412 1019 1461 1067 in
1497 1035 1584 1066 suo
1607 1035 1756 1083 regno
1780 1017 1868 1066 ob-

448 1102 681 1149 servanda
702 1102 918 1149 sancivit.
945 1101 1262 1166 Congregavit
1295 1101 1425 1148 enim
1458 1100 1677 1166 praelatos
1705 1109 1753 1147 et
1776 1099 1869 1147 cle-

448 1197 558 1227 rum
587 1181 731 1228 totius
763 1180 898 1243 regni
930 1190 977 1227 et
1011 1179 1328 1245 Delphinatus
1364 1180 1414 1226 in
1448 1178 1568 1226 urbe
1610 1177 1866 1238 Biturica¹,

447 1257 531 1306 ubi
555 1277 695 1322 cum,
734 1269 966 1324 praesente
992 1260 1137 1306 etiam
1170 1257 1326 1322 legato
1364 1255 1568 1305 Romani
1601 1252 1870 1322 pontificis,

447 1337 508 1385 de
537 1337 840 1403 acceptandis
874 1347 921 1385 et
942 1331 1227 1403 recipiendis
1249 1333 1527 1402 hujusmodi
1552 1329 1754 1383 decretis
1789 1328 1873 1380 diu

447 1415 762 1480 disceptatum
785 1415 946 1463 fuisset
960 1453 973 1476 ,
1001 1414 1257 1481 pluresque
1272 1452 1284 1475 ‚
1308 1415 1521 1464 humana
1540 1406 1805 1461 ambitione
1826 1418 1874 1458 et

448 1492 706 1559 cupiditate
744 1495 979 1560 permoti,
1026 1493 1427 1541 reservationibus
1464 1492 1607 1540 curiae
1651 1492 1875 1537 Romanae

447 1579 544 1617 tam
581 1570 880 1635 generalibus
914 1584 1061 1635 quam
1090 1568 1456 1636 particularibus
1482 1567 1658 1635 passim
1670 1579 1770 1634 ‚pro
1794 1577 1874 1613 so-

446 1643 538 1696 lius
562 1646 766 1697 Romani
790 1649 1030 1714 pontificis
1053 1658 1173 1696 nutu
1197 1686 1209 1711 ,
1239 1649 1408 1714 spretis
1431 1645 1582 1713 :sacris
1610 1639 1875 1694 canonibus

448 1734 494 1773 et
519 1736 709 1792 patrum
730 1726 1069 1775 traditionibus
1086 1764 1099 1788 ‚
1134 1727 1406 1792 parendum
1445 1725 1764 1774 decreverunt
1785 1714 1875 1787 (il-

446 1805 581 1866 lecti,
609 1815 661 1852 ut
690 1804 1006 1852 verisimiliter
1029 1805 1264 1866 creditur,
1291 1800 1650 1870 provisionibus
1673 1811 1721 1849 et
1743 1815 1876 1848 com-

448 1878 661 1945 mendis,
689 1879 764 1931 vel
780 1883 880 1947 jam
900 1900 927 1931 a
943 1880 1162 1930 Romano
1184 1883 1414 1948 pontifice
1437 1892 1608 1930 contra
1628 1894 1874 1928 sacrorum

447 1977 691 2008 canonum
712 1960 840 2008 viam
863 1960 1091 2025 acceptis,
1117 1960 1194 2006 vel
1215 1961 1397 2025 percipi
1423 1956 1621 2026 speratis
1645 1965 1786 2021 atque
1808 1948 1875 2002 eiS

447 2055 473 2086 a
495 2037 651 2102 legato
682 2038 990 2105 promissis),
1019 2034 1098 2085 alii
1129 2037 1280 2085 zelare
1301 2036 1463 2103 potius
1483 2044 1759 2085 constanter
1780 2030 1874 2079 ele-

448 2127 617 2179 gerunt
638 2134 727 2182 pro
746 2115 1083 2164 traditionibus
1099 2126 1147 2162 et
1164 2114 1369 2162 decretis
1391 2125 1667 2162 sanctorum
1680 2113 1874 2158 Patrum

447 2210 502 2241 ac
525 2191 672 2241 totius
696 2191 913 2241 Ecclesiae
929 2193 1104 2251 salute,
1131 2193 1384 2240 honestate
1404 2209 1460 2239 ac
1478 2188 1676 2251 decore,
1698 2202 1869 2253 quam»
1908 2186 1911 2189 ’

448 2288 554 2335 quae
577 2288 662 2318 sua
685 2271 866 2332 forent,
891 2271 1139 2319 attendere
1162 2280 1210 2318 et
1241 2286 1453 2335 quaerere
1476 2266 1714 2317 ullatenus
1738 2283 1875 2319 cura-

447 2356 570 2397 rent.
599 2352 818 2407 Quorum
855 2350 1140 2397 sententiam
1171 2358 1215 2395 et
1247 2347 1394 2395 fidem
1426 2364 1510 2394 rex
1543 2341 1876 2416 christianissi-

448 2441 555 2475 mus
587 2436 803 2488 secutus,
833 2427 1031 2492 cupiens
1066 2422 1327 2474 Ecclesiam
1351 2423 1647 2473 Gallicanam
1669 2425 1732 2473 ad
1764 2443 1874 2476 suas

448 2502 669 2569 antiquas
705 2501 946 2551 libertates
971 2513 1018 2550 et
1045 2503 1155 2567 jura
1187 2501 1394 2558 restitui,
1431 2495 1657 2567 praedicta
1679 2500 1873 2551 Patrum

449 2585 656 2645 decreta,
683 2599 712 2631 a
731 2582 904 2631 sanctis
922 2580 1036 2628 olim
1055 2580 1280 2628 Romanis
1302 2578 1611 2646 pontificibus
1633 2590 1682 2628 et
1703 2574 1875 2628 catho-

448 2657 548 2707 licae
585 2658 804 2708 Ecclesiae
837 2654 1060 2725 plenariis
1097 2657 1310 2705 conciliis
1346 2674 1401 2704 ac
1431 2651 1628 2721 synodis
1659 2652 1872 2706 saluber-

450 2739 579 2786 rimis
611 2726 780 2804 saepius
815 2737 1072 2786 constituta
1108 2745 1155 2784 et
1191 2734 1341 2797 edita,
1375 2735 1606 2784 innovata
1638 2751 1754 2784 vero
1787 2751 1874 2802 per

503 2903 542 2938 1.
572 2903 629 2938 En
650 2902 766 2939 1438.
