2086 3528
484 333 559 379 138
861 332 1205 378 HISTORJARUM
1234 338 1416 378 CAROLI
1443 341 1513 377 v11

942 515 1286 572 CAPITULUM
1318 525 1441 572 Xlll.

587 647 748 691 Qualiter
777 647 925 683 Carolus
953 656 1016 683 rex
1043 647 1123 683 urbi
1155 647 1345 683 parisiensi
1375 647 1538 684 subvenit
1560 632 1801 696 expuffumdo
1866 660 1870 663 *

606 748 613 759 ο
678 708 952 744 Monsterolium
963 736 972 754 ,
990 707 1119 743 Meldis
1130 735 1140 753 ,
1157 708 1419 756 Mentem-Argi
1434 717 1468 744 et
1483 707 1704 744 Credulium.

530 811 669 871 Sed,
698 822 749 859 ut
781 813 883 877 jam
920 810 1154 874 diximus,
1190 810 1301 859 licet
1321 807 1638 860 infortunium
1660 811 1756 860 hoc
1789 819 1905 878 pro-

481 893 647 941 vinciae
680 893 999 942 Borboniensi
1028 904 1075 941 et
1114 892 1248 940 terris
1277 891 1630 957 adjacentibus,
1665 909 1695 941 a
1730 891 1907 959 'quibus

479 968 662 1021 bellum
686 973 810 1021 istud
834 973 1151 1023 domesticum
1183 972 1488 1022 tumultuavit
1505 1011 1517 1035 ,
1543 967 1751 1040 plurium¹
1786 972 1908 1022 astu-

479 1050 587 1098 lerit
619 1049 818 1114 damna,
854 1068 911 1099 ex
944 1065 1002 1100 eo
1035 1062 1197 1099 tamen
1223 1050 1447 1098 nonnihil
1480 1045 1694 1098 militatis
1727 1049 1775 1099 e't
1806 1043 1907 1115 regi

481 1128 679 1180 obvenit
698 1141 746 1179 et
767 1147 934 1197 regno.
962 1127 1029 1180 Ex
1045 1132 1141 1180 hoc
1164 1132 1294 1179 enim
1314 1133 1414 1197 ipse
1432 1139 1536 1192 rex,
1563 1131 1646 1195 qui
1661 1138 1747 1196 per
1762 1128 1907 1196 longa

480 1217 591 1258 ante
629 1219 875 1276 tempora,
907 1212 1034 1259 velut
1069 1227 1240 1258 somno
1277 1210 1519 1277 sepultuS,
1561 1200 1903 1276 obtorpuerzitf

479 1290 717 1356 nullisque
741 1303 875 1357 paene
898 1286 1080 1340 bellicis
1103 1287 1438 1340 obsidionibus
1459 1305 1668 1357 praesens
1687 1278 1904 1353 affuerat,

480 1371 708 1420 excitatus
734 1381 829 1432 est,
856 1379 904 1420 ct
928 1369 1197 1421 necessitati
1218 1369 1342 1421 illius
1370 1390 1465 1420 suae
1500 1373 1638 1438 regiae
1660 1363 1791 1420 urbis
1820 1362 1910 1420 Ρῖἱ-

479 1449 711 1510 risiensis,
733 1460 849 1497 tunc
867 1443 1245 1511 desolatissimae‚
1266 1449 1432 1499 solatia
1450 1450 1619 1498 afferre·
1638 1444 1903 1498 inchoavit.

480 1524 680 1574 Obsedst
713 1528 841 1575 enim
866 1529 1079 1594 primum
1111 1536 1322 1576 castrum
1345 1525 1464 1576 illud
1495 1527 1808 1575 fortissimum
1833 1527 1909 1575 at-

478 1618 573 1668 que
596 1603 972 1653 munitissimum
995 1605 1387 1666 Monsterolium,
1411 1605 1472 1653 ad
1502 1602 1801 1654 confluentes
1823 1596 1908 1652 Se-
1963 1659 1967 1664 st

479 1693 689 1744 quanam
721 1691 768 1730 et
788 1685 975 1730 Yonam
1005 1684 1148 1731 situm
1167 1687 1202 1745 ¹,
1230 1684 1278 1730 in
1314 1698 1412 1748 quo
1438 1683 1550 1732 satis
1578 1677 1737 1731 valida
1772 1681 1910 1747 Angli

478 1757 696 1824 praesidia
719 1770 1004 1825 posuerant,
1025 1761 1280 1826 ipsumque
1304 1770 1498 1808 strenue
1520 1771 1567 1808 et
1589 1762 1811 1826 potenter
1833 1764 1910 1808 ei-

478 1834 708 1903 pugnavit
729 1845 777 1884 et
799 1838 926 1903 cepit
946 1855 956 1884 t
986 1852 1073 1902 per
1095 1837 1231 1901 quod
1259 1854 1287 1885 a
1312 1835 1550 1903 superiori
1573 1836 1688 1885 urbs
1716 1836 1797 1885 illa
1824 1836 1909 1886 Pa-

479 1915 687 1962 risiensis
724 1932 812 1980 per
850 1915 1022 1962 eadem
1061 1915 1263 1963 flumina
1296 1915 1498 1963 liberam
1530 1906 1908 1963 habuit‘e-xinde

481 1984 858 2058 navigationem,
883 1993 1017 2059 quod
1036 2010 1136 2042 non
1154 2003 1306 2060 parvo
1325 1993 1483 2042 eidem
1499 1993 1588 2058 fuit
1603 1992 1902 2058 adjumento.

546 2070 747 2119 Obsedit
789 2082 837 2120 et
885 2071 1063 2120 deinde
1102 2066 1342 2124 civitatem
1387 2070 1708 2131 Meldensem‚
1759 2086 1906 2136 quam

481 2151 623 2198 etiam
638 2163 725 2216 per
747 2149 978 2206 insultum
998 2149 1211 2199 validum
1228 2151 1519 2216 expugnavit
1539 2157 1587 2197 et
1605 2141 1733 2216 cepit
1747 2152 1778 2196 ³.
1799 2145 1907 2208 Qua

480 2237 690 2294 recepta,
710 2228 924 2293 ejusdem
943 2230 1145 2278 civitatis
1163 2229 1323 2277 forum
1338 2231 1371 2290 ⁸,
1394 2246 1478 2277 arx
1499 2227 1787 2290 firmissima,
1809 2227 1907 2277 Ma—

481 2318 613 2356 terna
648 2308 846 2356 flumine
881 2310 1254 2374 circumquaque
1289 2309 1468 2370 cincta,
1501 2306 1805 2374 compulsum
1835 2310 1907 2356 est

481 2388 542 2436 ad
564 2387 878 2436 deditionem.

535 2545 574 2580 1.
605 2545 660 2581 Le
677 2543 781 2596 siege
802 2542 850 2580 de
869 2545 1096 2583 Montereau
1115 2554 1182 2584 eut
1204 2546 1283 2584 lieu
1302 2545 1394 2584 trois
1417 2557 1487 2583 ans
1506 2552 1623 2584 avant
1640 2543 1679 2583 la
1697 2549 1838 2598 guerre
1856 2534 1906 2584 de

482 2602 517 2641 la
536 2603 744 2655 Praguerie
759 2634 769 2653 ,
789 2616 837 2641 en
854 2605 972 2641 1437.
998 2605 1056 2646 Cf.
1074 2607 1172 2643 Jecm
1191 2607 1378 2653 Chartier,
1396 2604 1492 2643 dans
1510 2603 1725 2656 Godesroy,
1745 2618 1785 2656 p.
1809 2605 1876 2646 94.

536 2665 574 2701 2.
605 2667 660 2702 La
693 2663 796 2715 prise
825 2663 874 2701 de
896 2665 1035 2702 Meaux
1073 2674 1138 2703 eut
1166 2666 1242 2705 lieu
1273 2678 1322 2704 en
1356 2667 1475 2713 1439,
1506 2673 1544 2703 et
1568 2665 1604 2704 le
1627 2665 1686 2703 roi
1708 2666 1774 2715 n'y
1793 2671 1907 2717 parnt

484 2729 604 2780 point.
635 2731 716 2778 Id„
738 2727 852 2778 ibid.,
870 2743 908 2781 p.
931 2731 1023 2771 100.

538 2792 575 2827 3.
607 2792 661 2828 Le
694 2788 848 2836 marche
874 2788 922 2829 de
945 2793 1102 2840 Meaux‚
1123 2793 1246 2844 partie
1271 2791 1431 2831 fortifiee
1451 2792 1499 2831 de
1516 2792 1554 2831 la
1571 2791 1664 2832 ville
1683 2804 1749 2831 sur
1766 2791 1803 2830 la
1821 2791 1904 2832 rive

482 2852 629 2906 gauche
642 2851 690 2891 de
710 2852 746 2892 la
766 2857 912 2903 Marne,
933 2851 1028 2892 dans
1049 2866 1124 2892 une
1143 2851 1352 2906 presqu’ile
1369 2853 1513 2893 formiee
1535 2866 1606 2906 par
1624 2860 1722 2892 cette
1742 2850 1900 2892 riviere.

2082 2174 2086 2182 Δ
2080 2139 2082 2141 v
2068 1922 2086 2108 *mm-m·
2076 1870 2077 1874 Α
