2086 3528
490 391 514 426 4
861 386 1209 424 HISTORIARUM
1233 386 1416 424 CAROLI
1443 387 1512 424 VH

490 467 687 533 quando
712 466 846 513 fuerit
861 466 963 529 ejus
980 465 1143 525 animi,
1160 465 1398 529 aliquibus
1410 466 1553 514 rebus
1570 467 1786 532 pretiosis
1798 482 1910 513 cum

489 545 647 608 aliqua
656 543 967 609 pecuniarum
975 558 1163 590 summa
1174 542 1398 608 abreptis,
1414 543 1531 592 fines
1539 545 1671 608 regni
1681 542 1911 594 excedere

487 634 534 670 et
565 623 627 670 ad
661 622 911 686 Hispanias
954 620 1218 686 proficisci3
1252 622 1356 681 vel,
1398 639 1496 670 una
1531 632 1664 688 parte
1698 630 1906 680 retenta,

486 701 630 748 aliam
650 699 868 747 hostibus
890 698 1078 761 cedere,
1097 715 1209 745 cum
1232 708 1346 746 tunc
1363 716 1533 755 eorum
1547 699 1727 747 viribus
1748 708 1796 747 et
1810 715 1911 747 ma-

485 778 804 826 chinamentis
841 777 1074 825 obsistere
1108 794 1250 842 posse
1283 778 1480 826 minime
1501 778 1786 827 confideret.
1818 777 1910 826 Sed

484 856 740 905 miserante
763 857 924 922 ipsum
947 858 1052 903 Deo
1077 871 1376 920 regnumque
1397 856 1516 904 illud
1532 856 1711 917 nobile,
1737 857 1786 904 in
1810 872 1910 922 quo

482 935 570 982 Dei
593 945 640 983 et
674 934 944 982 christianae
967 933 1208 998 religionis
1236 933 1390 981 cultus
1412 934 1692 999 magnificus
1723 951 1912 1000 semper

481 1022 528 1059 et
551 1013 763 1060 sincerus
787 1013 899 1074 suit,
919 1021 1052 1059 tanta
1074 1011 1186 1070 sibi,
1212 1022 1470 1077 postquam
1494 1013 1758 1073 innumeris
1776 1029 1911 1078 paene

480 1090 668 1138 casibus
691 1101 739 1138 et
760 1091 963 1138 fortunis
982 1091 1138 1154 jactus
1155 1090 1308 1137 fuerat
1320 1123 1338 1150 ‚-
1355 1090 1504 1154 gratia
1525 1091 1695 1139 collata
1714 1101 1785 1139 est
1800 1129 1812 1153 ,
1836 1101 1906 1152 ut,

478 1170 743 1216 conciliatis
784 1168 875 1216 sibi
907 1169 1120 1234 primum
1159 1169 1396 1216 intestinis
1442 1169 1674 1230 inimicis,
1711 1170 1910 1218 demum

479 1247 622 1294 etiam
647 1247 776 1312 ipsos
800 1246 977 1311 Anglos
993 1285 1005 1308 ,
1029 1247 1254 1310 antiquos
1276 1247 1410 1311 regni
1424 1246 1588 1295 hostes
1605 1284 1616 1306 ‚
1636 1265 1737 1296 non
1758 1249 1909 1298 modo

477 1324 612 1370 terris
640 1341 781 1388 quas,
808 1324 884 1371 vel
902 1341 989 1372 suo
1007 1362 1020 1386 ,
1047 1324 1122 1372 vel
1140 1325 1287 1390 patris
1316 1325 1390 1372 sui
1410 1335 1625 1391 tempore
1641 1362 1654 1386 ,
1680 1326 1730 1373 in
1761 1343 1909 1392 regno

476 1411 858 1465 occupaverant,
896 1402 981 1450 sed
1006 1403 1149 1450 etiam
1173 1402 1452 1466 Aquitania,
1492 1420 1638 1467 quam
1675 1403 1911 1453 ducentos

475 1479 661 1526 circiter
682 1489 730 1527 et
754 1480 1071 1544 quadraginta
1106 1498 1259 1529 annos
1288 1472 1581 1543 tenuerant¹,
1605 1497 1803 1547 prorsus
1830 1500 1911 1531 ex-

475 1557 649 1622 pulerit
678 1568 823 1622 atque
855 1559 1074 1619 ejecerit;
1106 1575 1404 1623 regnumque
1428 1561 1611 1625 ipsum,
1644 1561 1778 1626 quod
1801 1561 1909 1610 diu-

477 1636 628 1683 turnis
652 1635 958 1684 causantibus
981 1637 1184 1700 guerris,
1205 1647 1308 1684 tum
1326 1637 1581 1685 hostilibus
1598 1676 1610 1700 ,
1637 1649 1742 1687 tum
1764 1641 1908 1689 ctiam

477 1728 537 1758 ex
558 1712 774 1759 civilibus
793 1714 927 1776 regni
951 1729 1207 1778 procerum
1230 1729 1285 1760 ac
1307 1714 1581 1789 principum
1602 1714 1909 1765 dissensioni-

479 1789 569 1837 bus
594 1801 639 1837 et
663 1790 948 1837 factionibus
972 1790 1180 1850 obortis,
1208 1808 1380 1856 magna
1410 1808 1466 1839 ex
1491 1802 1626 1857 parte
1659 1795 1874 1842 attritum
1891 1831 1904 1856 ‚

479 1867 726 1932 squalenS,
753 1869 988 1916 incultum
1023 1879 1069 1916 et
1097 1869 1272 1916 accolis
1300 1870 1538 1919 nudatum
1567 1871 1743 1932 fuerat,
1768 1864 1910 1939 paca-

480 1956 584 1993 tum
618 1957 666 1994 et
699 1948 942 2010 quietum,
965 1947 1065 2011 jam
1099 1947 1300 2012 pulchre
1333 1948 1392 1996 ad
1429 1951 1641 2013 priorem
1676 1950 1908 1999 felicitatis

480 2033 654 2071 statum
676 2034 723 2070 et
743 2025 978 2072 culturam
1002 2041 1251 2088 assurgens
1270 2035 1316 2072 et
1340 2027 1520 2091 optime
1543 2027 1902 2115 convalescens,

481 2099 580 2150 filio
601 2118 690 2148 suo
711 2101 1033 2166 dereliquerit.

548 2182 607 2226 Ut
629 2189 788 2226 autem
806 2179 1129 2228 calamitatum
1151 2191 1198 2227 et
1217 2197 1518 2244 guerrarum,
1545 2200 1651 2248 quae
1673 2183 1770 2233 suis
1786 2195 1904 2233 tem-

479 2256 678 2321 poribus
702 2275 903 2321 regnum
926 2259 1085 2323 ipsum
1100 2295 1112 2318 ,
1135 2275 1278 2323 supra
1301 2275 1446 2323 quam
1471 2260 1565 2307 dici
1588 2261 1664 2308 vel
1685 2263 1906 2311 aestimari

479 2344 657 2399 potest,
683 2336 805 2383 miro
831 2335 980 2383 modo
1004 2337 1303 2397 attriverant,
1328 2346 1374 2384 et
1394 2353 1421 2383 a
1445 2337 1618 2401 quibus
1643 2340 1826 2404 majore
1847 2357 1905 2389 ex

479 2422 612 2477 parte
637 2412 891 2460 liberatum
926 2414 1081 2478 ipsum
1118 2414 1215 2460 suis
1240 2414 1410 2477 vigiliis
1433 2431 1488 2461 ac
1518 2415 1765 2465 laboribus
1796 2417 1907 2465 reli&

477 2491 597 2555 quit,
619 2491 799 2538 fontem
818 2500 962 2556 atque
980 2491 1190 2539 radicem
1209 2492 1535 2552 ostendamus,
1553 2493 1614 2541 de
1630 2494 1727 2542 hoc
1744 2495 1900 2556 nobis,

476 2586 621 2633 quam
643 2568 836 2616 brevius
858 2570 1142 2634 poterimus,
1161 2570 1370 2617 narratio
1396 2572 1727 2635 praemittenda
1748 2583 1834 2621 est.

528 2740 565 2776 1.
598 2737 870 2789 L’occupation
887 2736 936 2776 de
952 2737 988 2776 la
1003 2737 1182 2776 Guienne
1202 2749 1272 2788 par
1286 2737 1341 2776 les
1360 2738 1519 2791 Anglais
1541 2739 1640 2778 dura
1656 2740 1752 2779 trois
1770 2740 1903 2783 siecles

468 2797 612 2835 entiers
634 2798 656 2835 a
675 2809 917 2836 commencer
931 2797 979 2835 de
994 2797 1254 2836 l'avcnement
1273 2796 1320 2835 de
1338 2798 1457 2836 Henri
1478 2798 1730 2852 Plantagenet
1749 2801 1898 2850 (1154).
