2086 3528
727 336 874 374 unsa
900 337 1188 385 QUARTUM‘·
1577 342 1655 380 183

241 425 362 476 sent,
387 415 514 471 illico
538 417 867 470 ostenderunt.
893 421 1112 476 Quorum
1135 418 1410 470 insolentias
1429 426 1658 471 exsecrati

239 491 449 558 plurium
472 494 770 543 castellorum
789 496 931 558 cives,
957 515 1069 545 eum
1091 499 1356 550 reluctandi
1374 501 1516 558 tantis
1535 502 1658 566 inju-

241 570 322 622 riis
344 571 468 628 vires
488 573 686 621 minime
708 583 1037 639 suppeterent,
1067 577 1258 627 castella
1284 577 1552 644 domosque
1577 597 1659 628 va-

241 658 454 710 cuantes,
487 649 669 703 eisdem
696 661 970 714 cesserunt,
993 663 1039 700 et
1060 654 1250 718 profugi
1274 655 1350 703 vel·
1370 655 1420 702 in
1443 657 1536 704 alia
1557 674 1656 705 cas-

241 723 350 779 tella
369 726 446 775 vel
466 726 517 775 in
542 743 682 791 agros
702 737 749 775 et
769 728 911 777 silvas
937 730 1176 783 abierunt.
1201 733 1378 783 Tantus
1407 749 1522 782 vero
1558 734 1659 782 odii

241 801 375 855 furor
395 804 583 860 animos
617 804 810 854 illorum
843 808 1135 872 populorum
1160 807 1414 858 adversum
1452 813 1660 859 Francos

241 878 356 934 tunc
367 883 570 931 armavit
583 899 638 931 ac
656 885 826 943 tenuit,
846 895 901 934 ut
919 900 1250 950 quoscumque
1268 903 1324 936 ex
1342 887 1456 952 ipsis
1467 890 1660 936 Francis

240 957 522 1025 intercipere
553 972 777 1026 possent,
814 962 1123 1026 absqueullo
1165 963 1354 1012 delectu
1394 964 1655 1028 dignitatis,

240 1052 376 1084 sexus
406 1047 489 1085 aut
512 1039 683 1101 aetatis,
721 1039 848 1087 illico
878 1041 1187 1106 perimerent.
1223 1041 1368 1099 Quod
1392 1041 1454 1091 de
1478 1043 1546 1090 eis
1568 1043 1659 1106 ipsi

240 1116 406 1162 Franci
430 1133 564 1164 secus
588 1117 804 1164 fecissent
825 1118 1046 1179 libenter,
1076 1119 1302 1183 pecunias
1336 1120 1483 1183 magis
1515 1136 1660 1183 quam

241 1207 410 1240 eorum
433 1211 574 1242 neces
594 1205 814 1260 optantes
833 1215 845 1257 ;
875 1196 959 1243 sed
980 1197 1092 1260 quia
1114 1197 1163 1243 in
1189 1198 1325 1244 terris
1347 1197 1439 1245 illis
1462 1198 1585 1246 inter
1611 1215 1661 1246 se

241 1271 554 1320 condixerant
597 1290 689 1339 pro
732 1273 866 1320 nullo
905 1290 933 1320 a
975 1275 1173 1321 Francis
1218 1284 1359 1340 capto
1405 1277 1661 1341 pecuniam

240 1348 427 1397 aliudve
448 1367 538 1414 pro
558 1351 890 1416 redemptione
912 1351 1031 1412 dari,
1053 1353 1212 1417 plures
1234 1370 1420 1412 eorum,
1458 1353 1574 1400 dum
1598 1353 1660 1401 ab

239 1426 306 1472 eis
347 1428 473 1491 capti
514 1438 697 1488 essent,
735 1429 839 1494 pari
878 1428 1065 1476 reddita
1099 1429 1451 1489 vicissitudine,
1485 1447 1660 1479 eneca—

238 1496 432 1553 bantur.

307 1581 460 1630 Rediit
485 1592 645 1631 autem
672 1583 802 1631 idem
826 1583 1096 1634 Ludovicus
1121 1583 1182 1631 de
1202 1583 1329 1632 dicta
1356 1585 1662 1651 expeditione

239 1667 350 1706 ante
373 1658 609 1709 hiemem¹
632 1661 693 1708 ad
716 1671 902 1727 patrem
928 1678 1086 1717 suum,
1113 1678 1223 1710 cum
1239 1662 1429 1726 'majore
1454 1663 1660 1712 militum

240 1752 440 1786 suorum
480 1738 817 1798 multitudine,
851 1755 1059 1803 quorum
1088 1738 1248 1804 plures
1282 1749 1329 1787 et
1359 1740 1536 1787 militiae
1570 1757 1663 1789 nu-

242 1829 378 1861 mero
420 1825 467 1862 et
503 1815 681 1864 ducum
726 1806 916 1878 officio,
962 1817 1011 1864 in
1055 1815 1137 1864 illo
1181 1817 1350 1865 ordine
1390 1834 1535 1883 quem
1581 1835 1662 1867 rex

241 1890 536 1953 instituerat,
559 1893 785 1959 adscripti
808 1902 935 1940 sunt.
958 1893 1121 1940 Plures
1146 1904 1304 1942 tamen
1327 1911 1387 1942 ex
1407 1895 1489 1943 illo
1512 1897 1664 1944 comi-

241 1977 342 2016 tatu
361 2006 373 2028 ‚
413 1986 559 2033 quem
594 1971 820 2030 duxerat,
855 1980 954 2018 tam
983 1987 1040 2018 ex
1077 1971 1268 2019 Francis
1304 1988 1448 2035 quam
1478 1990 1534 2020 ex
1568 1976 1664 2022 An-

243 2043 396 2110 glicis,
440 2048 555 2112 qui,
601 2065 658 2096 ex
704 2048 1001 2096 Normannia
1041 2048 1197 2096 allecti
1233 2049 1481 2116 praedandi
1521 2067 1664 2099 causa

243 2132 387 2189 atque
404 2142 504 2192 spe,
524 2126 608 2174 illo
629 2144 740 2174 cum
753 2127 945 2174 Francis
958 2125 1160 2192 profecti
1173 2136 1323 2188 erant,
1347 2127 1396 2175 in
1417 2128 1664 2177 montibus

245 2211 291 2248 et
312 2202 466 2264 silvis,
499 2223 585 2270 per
605 2205 800 2253 insidias
825 2204 886 2252 ab
911 2205 1118 2270 regionis
1141 2205 1314 2253 accolis
1343 2207 1521 2271 positas
1538 2242 1550 2265 ‚
1577 2223 1667 2272 pe-

244 2281 441 2349 rierunt.
482 2283 687 2349 Reliquit
711 2283 855 2331 etiam
878 2283 1007 2330 idem
1034 2282 1301 2349 Delphinus
1325 2284 1587 2332 nonnullos
1615 2285 1665 2332 in

244 2359 474 2423 praesidiis
491 2361 758 2426 aliquorum
777 2361 1069 2427 oppidorum
1089 2361 1665 2422 etcastellorumAlzatiae3

247 2436 423 2501 quibus
452 2455 562 2485 cum
593 2449 703 2504 post
726 2439 936 2487 hiemem
971 2438 1193 2486 victualia
1228 2438 1489 2487 deficerent
1509 2475 1521 2499 ‚
1564 2454 1671 2502 quae

249 2513 427 2578 absque
457 2515 626 2563 ordine
654 2517 838 2582 direpta
868 2516 931 2564 ab
962 2517 1028 2564 eis
1060 2526 1106 2564 et
1131 2528 1418 2583 consumpta
1448 2518 1636 2564 fuerant
1654 2552 1668 2576 ,

249 2601 620 2656 pateremurque
643 2611 801 2640 rerum
835 2595 1053 2641 omnium
1082 2595 1360 2659 penuriam,
1390 2593 1672 2641 hominibus

251 2678 298 2716 et
321 2669 567 2717 elementis
590 2670 798 2735 regionis
824 2671 914 2719 sibi
933 2673 1126 2737 penitus
1143 2672 1352 2719 adversis
1375 2681 1420 2720 et
1443 2670 1668 2730 inimicis,

307 2821 345 2858 1.
376 2822 433 2858 De
454 2819 531 2858 l'an
547 2820 666 2861 1⁴44.
