<?xml version="1.0" encoding="UTF-8"?>
<!DOCTYPE html PUBLIC "-//W3C//DTD XHTML 1.0 Transitional//EN"
    "http://www.w3.org/TR/xhtml1/DTD/xhtml1-transitional.dtd">
<html xmlns="http://www.w3.org/1999/xhtml" xml:lang="en" lang="en">
 <head>
  <title>
</title>
<meta http-equiv="Content-Type" content="text/html;charset=utf-8" />
  <meta name='ocr-system' content='tesseract 3.04.00' />
  <meta name='ocr-capabilities' content='ocr_page ocr_carea ocr_par ocr_line ocrx_word'/>
</head>
<body>
  <div class='ocr_page' id='page_1' title='image "./histoiredesrgn01basiuoft_0325.png"; bbox 0 0 2086 3528; ppageno 0'>
   <div class='ocr_carea' id='block_1_1' title="bbox 725 333 1621 381">
    <p class='ocr_par' dir='ltr' id='par_1_1' title="bbox 725 333 1621 381">
     <span class='ocr_line' id='line_1_1' title="bbox 725 333 1621 381; baseline 0 0"><span class='ocrx_word' id='word_1_1' title='bbox 725 334 871 381; x_wconf 73' lang='lat' dir='ltr'>LIBER</span> <span class='ocrx_word' id='word_1_2' title='bbox 899 333 1118 380; x_wconf 64' lang='lat' dir='ltr'><strong>TERTIUS,</strong></span> <span class='ocrx_word' id='word_1_3' title='bbox 1551 336 1621 375; x_wconf 72' lang='lat'>151</span> 
     </span>
    </p>
   </div>
   <div class='ocr_carea' id='block_1_2' title="bbox 181 414 1647 2674">
    <p class='ocr_par' dir='ltr' id='par_1_2' title="bbox 213 414 1634 1656">
     <span class='ocr_line' id='line_1_2' title="bbox 217 414 1628 482; baseline -0.002 -16"><span class='ocrx_word' id='word_1_4' title='bbox 217 417 279 470; x_wconf 83' lang='lat' dir='ltr'>ad</span> <span class='ocrx_word' id='word_1_5' title='bbox 296 417 429 473; x_wconf 71' lang='lat' dir='ltr'>aliud</span> <span class='ocrx_word' id='word_1_6' title='bbox 454 433 556 472; x_wconf 83' lang='lat' dir='ltr'>non</span> <span class='ocrx_word' id='word_1_7' title='bbox 577 416 763 482; x_wconf 79' lang='lat' dir='ltr'>procul,</span> <span class='ocrx_word' id='word_1_8' title='bbox 790 415 973 470; x_wconf 76' lang='lat' dir='ltr'>dictum</span> <span class='ocrx_word' id='word_1_9' title='bbox 996 416 1228 476; x_wconf 62' lang='lat' dir='ltr'>Poeme&#39;†,</span> <span class='ocrx_word' id='word_1_10' title='bbox 1257 414 1563 470; x_wconf 69' lang='lat' dir='ltr'>obsidionem</span> <span class='ocrx_word' id='word_1_11' title='bbox 1579 426 1628 464; x_wconf 81' lang='lat' dir='ltr'>et</span> 
     </span>
     <span class='ocr_line' id='line_1_3' title="bbox 213 493 1625 559; baseline -0.004 -15"><span class='ocrx_word' id='word_1_12' title='bbox 213 505 365 553; x_wconf 64' lang='lat' dir='ltr'>eastra</span> <span class='ocrx_word' id='word_1_13' title='bbox 393 496 584 551; x_wconf 77' lang='lat' dir='ltr'>locavit.</span> <span class='ocrx_word' id='word_1_14' title='bbox 607 494 880 547; x_wconf 77' lang='lat' dir='ltr'>Adduxerat</span> <span class='ocrx_word' id='word_1_15' title='bbox 899 511 956 549; x_wconf 79' lang='lat' dir='ltr'>ex</span> <span class='ocrx_word' id='word_1_16' title='bbox 981 494 1146 558; x_wconf 80' lang='lat' dir='ltr'>Anglia</span> <span class='ocrx_word' id='word_1_17' title='bbox 1161 494 1211 549; x_wconf 82' lang='lat' dir='ltr'>in</span> <span class='ocrx_word' id='word_1_18' title='bbox 1234 510 1321 547; x_wconf 81' lang='lat' dir='ltr'>sua</span> <span class='ocrx_word' id='word_1_19' title='bbox 1341 493 1487 547; x_wconf 74' lang='lat' dir='ltr'>classe</span> <span class='ocrx_word' id='word_1_20' title='bbox 1512 510 1625 559; x_wconf 61' lang='lat' dir='ltr'>por=</span> 
     </span>
     <span class='ocr_line' id='line_1_4' title="bbox 213 571 1629 642; baseline -0.009 -11"><span class='ocrx_word' id='word_1_21' title='bbox 213 575 366 631; x_wconf 79' lang='lat' dir='ltr'>tatiles</span> <span class='ocrx_word' id='word_1_22' title='bbox 387 584 559 642; x_wconf 85' lang='lat' dir='ltr'>pontes</span> <span class='ocrx_word' id='word_1_23' title='bbox 580 589 639 621; x_wconf 83' lang='lat' dir='ltr'>ex</span> <span class='ocrx_word' id='word_1_24' title='bbox 669 572 834 636; x_wconf 85' lang='lat' dir='ltr'>lignis,</span> <span class='ocrx_word' id='word_1_25' title='bbox 866 571 1068 621; x_wconf 86' lang='lat' dir='ltr'>restibus</span> <span class='ocrx_word' id='word_1_26' title='bbox 1095 583 1142 621; x_wconf 89' lang='lat' dir='ltr'>et</span> <span class='ocrx_word' id='word_1_27' title='bbox 1168 573 1446 627; x_wconf 81' lang='lat' dir='ltr'>animalium</span> <span class='ocrx_word' id='word_1_28' title='bbox 1474 582 1629 637; x_wconf 66' lang='lat' dir='ltr'>tergo-2</span> 
     </span>
     <span class='ocr_line' id='line_1_5' title="bbox 213 651 1631 719; baseline -0.004 -18"><span class='ocrx_word' id='word_1_29' title='bbox 213 652 346 710; x_wconf 75' lang='lat' dir='ltr'>ribus</span> <span class='ocrx_word' id='word_1_30' title='bbox 371 669 457 719; x_wconf 78' lang='lat' dir='ltr'>per</span> <span class='ocrx_word' id='word_1_31' title='bbox 477 661 636 719; x_wconf 81' lang='lat' dir='ltr'>partes</span> <span class='ocrx_word' id='word_1_32' title='bbox 657 660 958 702; x_wconf 85' lang='lat' dir='ltr'>constructos</span> <span class='ocrx_word' id='word_1_33' title='bbox 971 686 984 710; x_wconf 91' lang='lat'>‚</span> <span class='ocrx_word' id='word_1_34' title='bbox 1013 668 1125 705; x_wconf 88' lang='lat' dir='ltr'>cum</span> <span class='ocrx_word' id='word_1_35' title='bbox 1147 651 1248 706; x_wconf 82' lang='lat' dir='ltr'>aliis</span> <span class='ocrx_word' id='word_1_36' title='bbox 1270 651 1334 703; x_wconf 86' lang='lat' dir='ltr'>ad</span> <span class='ocrx_word' id='word_1_37' title='bbox 1354 667 1631 717; x_wconf 51' lang='lat' dir='ltr'>expugnatae</span> 
     </span>
     <span class='ocr_line' id='line_1_6' title="bbox 214 730 1631 795; baseline -0.002 -15"><span class='ocrx_word' id='word_1_38' title='bbox 214 730 299 788; x_wconf 79' lang='lat' dir='ltr'>das</span> <span class='ocrx_word' id='word_1_39' title='bbox 343 731 486 788; x_wconf 79' lang='lat' dir='ltr'>urbes</span> <span class='ocrx_word' id='word_1_40' title='bbox 524 740 669 795; x_wconf 88' lang='lat' dir='ltr'>atque</span> <span class='ocrx_word' id='word_1_41' title='bbox 708 746 838 778; x_wconf 88' lang='lat' dir='ltr'>arces</span> <span class='ocrx_word' id='word_1_42' title='bbox 880 730 1098 795; x_wconf 88' lang='lat' dir='ltr'>plurimis</span> <span class='ocrx_word' id='word_1_43' title='bbox 1141 730 1358 795; x_wconf 83' lang='lat' dir='ltr'>petrariis</span> <span class='ocrx_word' id='word_1_44' title='bbox 1404 740 1452 780; x_wconf 88' lang='lat' dir='ltr'>et</span> <span class='ocrx_word' id='word_1_45' title='bbox 1490 730 1631 778; x_wconf 83' lang='lat' dir='ltr'>variis</span> 
     </span>
     <span class='ocr_line' id='line_1_7' title="bbox 213 806 1631 877; baseline 0.001 -21"><span class='ocrx_word' id='word_1_46' title='bbox 213 809 450 877; x_wconf 73' lang='lat' dir='ltr'>bellorum</span> <span class='ocrx_word' id='word_1_47' title='bbox 493 809 821 863; x_wconf 83' lang='lat' dir='ltr'><strong>instrumentis</strong></span> <span class='ocrx_word' id='word_1_48' title='bbox 844 845 856 870; x_wconf 91' lang='lat'>‚</span> <span class='ocrx_word' id='word_1_49' title='bbox 908 825 1021 863; x_wconf 80' lang='lat' dir='ltr'>cum</span> <span class='ocrx_word' id='word_1_50' title='bbox 1063 806 1236 872; x_wconf 84' lang='lat' dir='ltr'>quibus</span> <span class='ocrx_word' id='word_1_51' title='bbox 1290 817 1338 860; x_wconf 82' lang='lat' dir='ltr'>et</span> <span class='ocrx_word' id='word_1_52' title='bbox 1378 807 1631 858; x_wconf 74' lang='lat' dir='ltr'>latissimos</span> 
     </span>
     <span class='ocr_line' id='line_1_8' title="bbox 214 886 1631 950; baseline -0.001 -15"><span class='ocrx_word' id='word_1_53' title='bbox 214 886 414 938; x_wconf 81' lang='lat' dir='ltr'>transire</span> <span class='ocrx_word' id='word_1_54' title='bbox 436 888 609 942; x_wconf 86' lang='lat' dir='ltr'>fluvios</span> <span class='ocrx_word' id='word_1_55' title='bbox 626 924 638 948; x_wconf 84' lang='lat'>‚</span> <span class='ocrx_word' id='word_1_56' title='bbox 660 897 708 934; x_wconf 89' lang='lat' dir='ltr'>et</span> <span class='ocrx_word' id='word_1_57' title='bbox 733 886 1026 938; x_wconf 85' lang='lat' dir='ltr'>firmissimas</span> <span class='ocrx_word' id='word_1_58' title='bbox 1044 902 1373 950; x_wconf 79' lang='lat' dir='ltr'>quascumque</span> <span class='ocrx_word' id='word_1_59' title='bbox 1394 886 1538 934; x_wconf 82' lang='lat' dir='ltr'>urbes</span> <span class='ocrx_word' id='word_1_60' title='bbox 1556 886 1631 937; x_wconf 85' lang='lat' dir='ltr'>vel</span> 
     </span>
     <span class='ocr_line' id='line_1_9' title="bbox 216 964 1626 1032; baseline -0.003 -18"><span class='ocrx_word' id='word_1_61' title='bbox 216 981 347 1015; x_wconf 87' lang='lat' dir='ltr'>arces</span> <span class='ocrx_word' id='word_1_62' title='bbox 379 982 652 1032; x_wconf 83' lang='lat' dir='ltr'>expugnare</span> <span class='ocrx_word' id='word_1_63' title='bbox 693 964 874 1030; x_wconf 89' lang='lat' dir='ltr'>absque</span> <span class='ocrx_word' id='word_1_64' title='bbox 917 980 1092 1028; x_wconf 90' lang='lat' dir='ltr'>magno</span> <span class='ocrx_word' id='word_1_65' title='bbox 1138 964 1332 1028; x_wconf 89' lang='lat' dir='ltr'>negotio</span> <span class='ocrx_word' id='word_1_66' title='bbox 1378 965 1626 1028; x_wconf 87' lang='lat' dir='ltr'>potuisset.</span> 
     </span>
     <span class='ocr_line' id='line_1_10' title="bbox 213 1040 1631 1108; baseline -0.002 -17"><span class='ocrx_word' id='word_1_67' title='bbox 213 1043 307 1091; x_wconf 86' lang='lat' dir='ltr'>Sed</span> <span class='ocrx_word' id='word_1_68' title='bbox 351 1053 448 1091; x_wconf 91' lang='lat' dir='ltr'>tam</span> <span class='ocrx_word' id='word_1_69' title='bbox 491 1045 540 1091; x_wconf 93' lang='lat' dir='ltr'>in</span> <span class='ocrx_word' id='word_1_70' title='bbox 581 1043 769 1093; x_wconf 87' lang='lat' dir='ltr'>irritum</span> <span class='ocrx_word' id='word_1_71' title='bbox 819 1051 961 1108; x_wconf 82' lang='lat' dir='ltr'>atque</span> <span class='ocrx_word' id='word_1_72' title='bbox 1004 1040 1269 1097; x_wconf 79' lang='lat' dir='ltr'>ludibrium</span> <span class='ocrx_word' id='word_1_73' title='bbox 1312 1058 1481 1105; x_wconf 78' lang='lat' dir='ltr'>omnes</span> <span class='ocrx_word' id='word_1_74' title='bbox 1530 1042 1631 1106; x_wconf 89' lang='lat' dir='ltr'>ejus</span> 
     </span>
     <span class='ocr_line' id='line_1_11' title="bbox 215 1119 1632 1188; baseline -0.003 -18"><span class='ocrx_word' id='word_1_75' title='bbox 215 1132 415 1170; x_wconf 89' lang='lat' dir='ltr'>conatus</span> <span class='ocrx_word' id='word_1_76' title='bbox 451 1131 811 1188; x_wconf 85' lang='lat' dir='ltr'>processerunt,</span> <span class='ocrx_word' id='word_1_77' title='bbox 838 1121 948 1168; x_wconf 88' lang='lat' dir='ltr'>licet</span> <span class='ocrx_word' id='word_1_78' title='bbox 985 1130 1089 1168; x_wconf 87' lang='lat' dir='ltr'>tum</span> <span class='ocrx_word' id='word_1_79' title='bbox 1125 1121 1173 1167; x_wconf 91' lang='lat' dir='ltr'>in</span> <span class='ocrx_word' id='word_1_80' title='bbox 1202 1121 1339 1167; x_wconf 87' lang='lat' dir='ltr'>terris</span> <span class='ocrx_word' id='word_1_81' title='bbox 1373 1121 1422 1166; x_wconf 91' lang='lat' dir='ltr'>in</span> <span class='ocrx_word' id='word_1_82' title='bbox 1455 1119 1632 1184; x_wconf 91' lang='lat' dir='ltr'>quibus</span> 
     </span>
     <span class='ocr_line' id='line_1_12' title="bbox 215 1197 1631 1266; baseline -0.004 -17"><span class='ocrx_word' id='word_1_83' title='bbox 215 1200 384 1265; x_wconf 86' lang='lat' dir='ltr'>agebat</span> <span class='ocrx_word' id='word_1_84' title='bbox 412 1216 562 1266; x_wconf 88' lang='lat' dir='ltr'>parva</span> <span class='ocrx_word' id='word_1_85' title='bbox 590 1209 713 1248; x_wconf 90' lang='lat' dir='ltr'>esset</span> <span class='ocrx_word' id='word_1_86' title='bbox 748 1209 795 1246; x_wconf 89' lang='lat' dir='ltr'>et</span> <span class='ocrx_word' id='word_1_87' title='bbox 832 1199 942 1247; x_wconf 89' lang='lat' dir='ltr'>satis</span> <span class='ocrx_word' id='word_1_88' title='bbox 965 1199 1122 1247; x_wconf 88' lang='lat' dir='ltr'>tenuis</span> <span class='ocrx_word' id='word_1_89' title='bbox 1148 1202 1441 1247; x_wconf 84' lang='lat' dir='ltr'>Francorum</span> <span class='ocrx_word' id='word_1_90' title='bbox 1468 1197 1631 1244; x_wconf 84' lang='lat' dir='ltr'>militia</span> 
     </span>
     <span class='ocr_line' id='line_1_13' title="bbox 215 1276 1633 1344; baseline -0.004 -18"><span class='ocrx_word' id='word_1_91' title='bbox 215 1279 295 1344; x_wconf 92' lang='lat' dir='ltr'>(eo</span> <span class='ocrx_word' id='word_1_92' title='bbox 312 1277 463 1343; x_wconf 84' lang='lat' dir='ltr'>quod,</span> <span class='ocrx_word' id='word_1_93' title='bbox 484 1288 537 1325; x_wconf 89' lang='lat' dir='ltr'>ut</span> <span class='ocrx_word' id='word_1_94' title='bbox 558 1277 702 1343; x_wconf 92' lang='lat' dir='ltr'>paulo</span> <span class='ocrx_word' id='word_1_95' title='bbox 722 1286 831 1324; x_wconf 90' lang='lat' dir='ltr'>ante</span> <span class='ocrx_word' id='word_1_96' title='bbox 845 1277 1067 1337; x_wconf 84' lang='lat' dir='ltr'>diximus,</span> <span class='ocrx_word' id='word_1_97' title='bbox 1083 1279 1378 1323; x_wconf 82' lang='lat' dir='ltr'>Francorum</span> <span class='ocrx_word' id='word_1_98' title='bbox 1393 1292 1474 1322; x_wconf 88' lang='lat' dir='ltr'>rex</span> <span class='ocrx_word' id='word_1_99' title='bbox 1487 1276 1633 1322; x_wconf 89' lang='lat' dir='ltr'>totius</span> 
     </span>
     <span class='ocr_line' id='line_1_14' title="bbox 214 1353 1630 1422; baseline -0.005 -17"><span class='ocrx_word' id='word_1_100' title='bbox 214 1373 350 1422; x_wconf 77' lang='lat' dir='ltr'>paene</span> <span class='ocrx_word' id='word_1_101' title='bbox 383 1357 517 1421; x_wconf 85' lang='lat' dir='ltr'>regni</span> <span class='ocrx_word' id='word_1_102' title='bbox 550 1356 713 1421; x_wconf 89' lang='lat' dir='ltr'>copias</span> <span class='ocrx_word' id='word_1_103' title='bbox 748 1372 912 1405; x_wconf 86' lang='lat' dir='ltr'>secum</span> <span class='ocrx_word' id='word_1_104' title='bbox 947 1355 998 1403; x_wconf 92' lang='lat' dir='ltr'>in</span> <span class='ocrx_word' id='word_1_105' title='bbox 1035 1355 1335 1418; x_wconf 79' lang='lat' dir='ltr'>Aquitaniam</span> <span class='ocrx_word' id='word_1_106' title='bbox 1367 1353 1630 1416; x_wconf 69' lang='lat' dir='ltr'>traxerat),</span> 
     </span>
     <span class='ocr_line' id='line_1_15' title="bbox 216 1431 1632 1501; baseline -0.002 -18"><span class='ocrx_word' id='word_1_107' title='bbox 216 1435 350 1501; x_wconf 84' lang='lat' dir='ltr'>quod</span> <span class='ocrx_word' id='word_1_108' title='bbox 375 1434 493 1484; x_wconf 89' lang='lat' dir='ltr'>illud</span> <span class='ocrx_word' id='word_1_109' title='bbox 513 1444 722 1486; x_wconf 84' lang='lat' dir='ltr'>castrum</span> <span class='ocrx_word' id='word_1_110' title='bbox 742 1435 948 1493; x_wconf 67' lang='lat' dir='ltr'>Poe-md,</span> <span class='ocrx_word' id='word_1_111' title='bbox 976 1449 1077 1489; x_wconf 90' lang='lat' dir='ltr'>non</span> <span class='ocrx_word' id='word_1_112' title='bbox 1091 1432 1297 1480; x_wconf 84' lang='lat' dir='ltr'>multum</span> <span class='ocrx_word' id='word_1_113' title='bbox 1318 1432 1520 1494; x_wconf 82' lang='lat' dir='ltr'>insigne,</span> <span class='ocrx_word' id='word_1_114' title='bbox 1549 1431 1632 1481; x_wconf 89' lang='lat' dir='ltr'>sed</span> 
     </span>
     <span class='ocr_line' id='line_1_16' title="bbox 216 1508 1634 1579; baseline -0.003 -19"><span class='ocrx_word' id='word_1_115' title='bbox 216 1513 351 1579; x_wconf 74' lang='lat' dir='ltr'>parvi</span> <span class='ocrx_word' id='word_1_116' title='bbox 377 1512 489 1566; x_wconf 85' lang='lat' dir='ltr'>satis</span> <span class='ocrx_word' id='word_1_117' title='bbox 518 1511 785 1572; x_wconf 81' lang='lat' dir='ltr'>momenti,</span> <span class='ocrx_word' id='word_1_118' title='bbox 819 1510 952 1574; x_wconf 87' lang='lat' dir='ltr'>quod</span> <span class='ocrx_word' id='word_1_119' title='bbox 974 1511 1076 1575; x_wconf 80' lang='lat' dir='ltr'>ipse</span> <span class='ocrx_word' id='word_1_120' title='bbox 1115 1510 1200 1557; x_wconf 92' lang='lat' dir='ltr'>diu</span> <span class='ocrx_word' id='word_1_121' title='bbox 1236 1508 1518 1566; x_wconf 84' lang='lat' dir='ltr'>obsederat,</span> <span class='ocrx_word' id='word_1_122' title='bbox 1544 1525 1634 1565; x_wconf 82' lang='lat' dir='ltr'>nee</span> 
     </span>
     <span class='ocr_line' id='line_1_17' title="bbox 218 1586 1634 1656; baseline -0.003 -18"><span class='ocrx_word' id='word_1_123' title='bbox 218 1606 522 1656; x_wconf 81' lang='lat' dir='ltr'>expugnare,</span> <span class='ocrx_word' id='word_1_124' title='bbox 549 1605 639 1641; x_wconf 88' lang='lat' dir='ltr'>nec</span> <span class='ocrx_word' id='word_1_125' title='bbox 661 1587 723 1643; x_wconf 73' lang='lat' dir='ltr'>ad</span> <span class='ocrx_word' id='word_1_126' title='bbox 754 1587 1052 1641; x_wconf 75' lang='lat' dir='ltr'>deditionem</span> <span class='ocrx_word' id='word_1_127' title='bbox 1075 1603 1243 1650; x_wconf 79' lang='lat' dir='ltr'>urgere</span> <span class='ocrx_word' id='word_1_128' title='bbox 1272 1586 1508 1651; x_wconf 80' lang='lat' dir='ltr'>potuerit3</span> <span class='ocrx_word' id='word_1_129' title='bbox 1549 1586 1634 1643; x_wconf 79' lang='lat' dir='ltr'>sed</span> 
     </span>
    </p>

    <p class='ocr_par' dir='ltr' id='par_1_3' title="bbox 181 1666 1639 2047">
     <span class='ocr_line' id='line_1_18' title="bbox 181 1666 1636 1735; baseline -0.004 -18"><span class='ocrx_word' id='word_1_130' title='bbox 181 1678 327 1735; x_wconf 77' lang='lat' dir='ltr'>——post</span> <span class='ocrx_word' id='word_1_131' title='bbox 347 1668 472 1720; x_wconf 89' lang='lat' dir='ltr'>duos</span> <span class='ocrx_word' id='word_1_132' title='bbox 491 1667 677 1721; x_wconf 82' lang='lat' dir='ltr'>circiter</span> <span class='ocrx_word' id='word_1_133' title='bbox 698 1682 884 1717; x_wconf 86' lang='lat' dir='ltr'>menses</span> <span class='ocrx_word' id='word_1_134' title='bbox 899 1682 1022 1731; x_wconf 90' lang='lat' dir='ltr'>quos</span> <span class='ocrx_word' id='word_1_135' title='bbox 1035 1666 1084 1721; x_wconf 84' lang='lat' dir='ltr'>in</span> <span class='ocrx_word' id='word_1_136' title='bbox 1106 1682 1165 1714; x_wconf 90' lang='lat' dir='ltr'>eo</span> <span class='ocrx_word' id='word_1_137' title='bbox 1179 1681 1325 1731; x_wconf 74' lang='lat' dir='ltr'>opere</span> <span class='ocrx_word' id='word_1_138' title='bbox 1338 1681 1464 1712; x_wconf 86' lang='lat' dir='ltr'>vano</span> <span class='ocrx_word' id='word_1_139' title='bbox 1490 1674 1636 1729; x_wconf 81' lang='lat' dir='ltr'>atque</span> 
     </span>
     <span class='ocr_line' id='line_1_19' title="bbox 217 1742 1635 1805; baseline -0.008 -2"><span class='ocrx_word' id='word_1_140' title='bbox 217 1747 373 1803; x_wconf 80' lang='lat' dir='ltr'>inutili</span> <span class='ocrx_word' id='word_1_141' title='bbox 410 1746 692 1805; x_wconf 88' lang='lat' dir='ltr'>detriverat,</span> <span class='ocrx_word' id='word_1_142' title='bbox 742 1744 995 1795; x_wconf 90' lang='lat' dir='ltr'>obsidione</span> <span class='ocrx_word' id='word_1_143' title='bbox 1036 1744 1192 1792; x_wconf 88' lang='lat' dir='ltr'>soluta</span> <span class='ocrx_word' id='word_1_144' title='bbox 1208 1780 1221 1804; x_wconf 89' lang='lat'><strong>,</strong></span> <span class='ocrx_word' id='word_1_145' title='bbox 1264 1742 1483 1794; x_wconf 78' lang='lat' dir='ltr'>inefficax</span> <span class='ocrx_word' id='word_1_146' title='bbox 1521 1759 1635 1792; x_wconf 91' lang='lat' dir='ltr'>cum</span> 
     </span>
     <span class='ocr_line' id='line_1_20' title="bbox 217 1823 1638 1895; baseline -0.004 -19"><span class='ocrx_word' id='word_1_147' title='bbox 217 1844 352 1895; x_wconf 84' lang='lat' dir='ltr'>paene</span> <span class='ocrx_word' id='word_1_148' title='bbox 376 1842 462 1876; x_wconf 90' lang='lat' dir='ltr'>sua</span> <span class='ocrx_word' id='word_1_149' title='bbox 482 1835 586 1874; x_wconf 88' lang='lat' dir='ltr'>tota</span> <span class='ocrx_word' id='word_1_150' title='bbox 607 1841 756 1891; x_wconf 88' lang='lat' dir='ltr'>quam</span> <span class='ocrx_word' id='word_1_151' title='bbox 776 1824 975 1877; x_wconf 77' lang='lat' dir='ltr'>duxerat</span> <span class='ocrx_word' id='word_1_152' title='bbox 996 1834 1159 1888; x_wconf 82' lang='lat' dir='ltr'>gente,</span> <span class='ocrx_word' id='word_1_153' title='bbox 1186 1840 1272 1889; x_wconf 83' lang='lat' dir='ltr'>per</span> <span class='ocrx_word' id='word_1_154' title='bbox 1293 1823 1638 1877; x_wconf 77' lang='lat' dir='ltr'>Baiocismum&#39;</span> 
     </span>
     <span class='ocr_line' id='line_1_21' title="bbox 219 1901 1639 1968; baseline -0.005 -13"><span class='ocrx_word' id='word_1_155' title='bbox 219 1921 448 1960; x_wconf 83' lang='lat' dir='ltr'>remenso</span> <span class='ocrx_word' id='word_1_156' title='bbox 467 1904 613 1966; x_wconf 86' lang='lat' dir='ltr'>mari,</span> <span class='ocrx_word' id='word_1_157' title='bbox 655 1903 706 1953; x_wconf 87' lang='lat' dir='ltr'>in</span> <span class='ocrx_word' id='word_1_158' title='bbox 732 1901 948 1967; x_wconf 87' lang='lat' dir='ltr'>Angliam</span> <span class='ocrx_word' id='word_1_159' title='bbox 973 1919 1086 1949; x_wconf 89' lang='lat' dir='ltr'>cum</span> <span class='ocrx_word' id='word_1_160' title='bbox 1111 1902 1293 1968; x_wconf 83' lang='lat' dir='ltr'>ingenti</span> <span class='ocrx_word' id='word_1_161' title='bbox 1321 1901 1559 1951; x_wconf 86' lang='lat' dir='ltr'>dedecore</span> <span class='ocrx_word' id='word_1_162' title='bbox 1589 1910 1639 1949; x_wconf 89' lang='lat' dir='ltr'>et</span> 
     </span>
     <span class='ocr_line' id='line_1_22' title="bbox 219 1969 1048 2047; baseline -0.008 -14"><span class='ocrx_word' id='word_1_163' title='bbox 219 1983 499 2039; x_wconf 84' lang='lat' dir='ltr'>confusione</span> <span class='ocrx_word' id='word_1_164' title='bbox 522 1969 825 2047; x_wconf 26' lang='lat' dir='ltr'>permaxima·</span> <span class='ocrx_word' id='word_1_165' title='bbox 838 1979 1048 2033; x_wconf 81' lang='lat' dir='ltr'>redierit.</span> 
     </span>
    </p>

    <p class='ocr_par' dir='ltr' id='par_1_4' title="bbox 221 2056 1647 2674">
     <span class='ocr_line' id='line_1_23' title="bbox 284 2056 1634 2126; baseline -0.007 -14"><span class='ocrx_word' id='word_1_166' title='bbox 284 2065 407 2113; x_wconf 88' lang='lat' dir='ltr'>Cum</span> <span class='ocrx_word' id='word_1_167' title='bbox 431 2070 591 2113; x_wconf 87' lang='lat' dir='ltr'>autem</span> <span class='ocrx_word' id='word_1_168' title='bbox 618 2060 721 2126; x_wconf 91' lang='lat' dir='ltr'>ipse</span> <span class='ocrx_word' id='word_1_169' title='bbox 746 2075 859 2107; x_wconf 87' lang='lat' dir='ltr'>cum</span> <span class='ocrx_word' id='word_1_170' title='bbox 879 2067 1011 2113; x_wconf 85' lang='lat' dir='ltr'>tanta</span> <span class='ocrx_word' id='word_1_171' title='bbox 1032 2074 1248 2106; x_wconf 87' lang='lat' dir='ltr'>reversus</span> <span class='ocrx_word' id='word_1_172' title='bbox 1270 2066 1391 2107; x_wconf 84' lang='lat' dir='ltr'>esset</span> <span class='ocrx_word' id='word_1_173' title='bbox 1411 2056 1634 2115; x_wconf 88' lang='lat' dir='ltr'>infamia,</span> 
     </span>
     <span class='ocr_line' id='line_1_24' title="bbox 221 2134 1640 2205; baseline -0.007 -14"><span class='ocrx_word' id='word_1_174' title='bbox 221 2152 268 2191; x_wconf 88' lang='lat' dir='ltr'>et</span> <span class='ocrx_word' id='word_1_175' title='bbox 289 2141 350 2191; x_wconf 84' lang='lat' dir='ltr'>ab</span> <span class='ocrx_word' id='word_1_176' title='bbox 381 2139 641 2204; x_wconf 86' lang='lat' dir='ltr'>Auglorum</span> <span class='ocrx_word' id='word_1_177' title='bbox 664 2137 962 2205; x_wconf 87' lang='lat' dir='ltr'>principibus</span> <span class='ocrx_word' id='word_1_178' title='bbox 978 2172 991 2197; x_wconf 93' lang='lat'>,</span> <span class='ocrx_word' id='word_1_179' title='bbox 1017 2136 1194 2201; x_wconf 91' lang='lat' dir='ltr'>quibus</span> <span class='ocrx_word' id='word_1_180' title='bbox 1215 2135 1426 2199; x_wconf 86' lang='lat' dir='ltr'>ingentia</span> <span class='ocrx_word' id='word_1_181' title='bbox 1456 2151 1505 2183; x_wconf 87' lang='lat' dir='ltr'>se</span> <span class='ocrx_word' id='word_1_182' title='bbox 1544 2134 1640 2182; x_wconf 87' lang='lat' dir='ltr'>fac-</span> 
     </span>
     <span class='ocr_line' id='line_1_25' title="bbox 221 2214 1640 2284; baseline -0.007 -15"><span class='ocrx_word' id='word_1_183' title='bbox 221 2230 358 2274; x_wconf 83' lang='lat' dir='ltr'>turus</span> <span class='ocrx_word' id='word_1_184' title='bbox 379 2218 688 2284; x_wconf 82' lang='lat' dir='ltr'>promiserat,</span> <span class='ocrx_word' id='word_1_185' title='bbox 724 2215 1064 2282; x_wconf 89' lang='lat' dir='ltr'>exprobrando</span> <span class='ocrx_word' id='word_1_186' title='bbox 1099 2214 1444 2265; x_wconf 87' lang='lat' dir='ltr'>admoneretur</span> <span class='ocrx_word' id='word_1_187' title='bbox 1466 2223 1519 2261; x_wconf 91' lang='lat' dir='ltr'>ut</span> <span class='ocrx_word' id='word_1_188' title='bbox 1537 2222 1640 2261; x_wconf 91' lang='lat' dir='ltr'>tro-</span> 
     </span>
     <span class='ocr_line' id='line_1_26' title="bbox 222 2290 1643 2362; baseline -0.006 -18"><span class='ocrx_word' id='word_1_189' title='bbox 222 2312 324 2362; x_wconf 74' lang='lat' dir='ltr'>paea</span> <span class='ocrx_word' id='word_1_190' title='bbox 345 2306 390 2344; x_wconf 90' lang='lat' dir='ltr'>et</span> <span class='ocrx_word' id='word_1_191' title='bbox 406 2295 655 2350; x_wconf 82' lang='lat' dir='ltr'>manubias</span> <span class='ocrx_word' id='word_1_192' title='bbox 677 2293 966 2355; x_wconf 87' lang='lat' dir='ltr'>ostenderet,</span> <span class='ocrx_word' id='word_1_193' title='bbox 991 2308 1112 2357; x_wconf 85' lang='lat' dir='ltr'>quas</span> <span class='ocrx_word' id='word_1_194' title='bbox 1135 2291 1196 2340; x_wconf 89' lang='lat' dir='ltr'>de</span> <span class='ocrx_word' id='word_1_195' title='bbox 1216 2290 1369 2341; x_wconf 80' lang='lat' dir='ltr'>Gallia</span> <span class='ocrx_word' id='word_1_196' title='bbox 1389 2290 1643 2341; x_wconf 82' lang='lat' dir='ltr'>invexisset</span> 
     </span>
     <span class='ocr_line' id='line_1_27' title="bbox 222 2370 1638 2440; baseline -0.004 -18"><span class='ocrx_word' id='word_1_197' title='bbox 222 2376 273 2423; x_wconf 87' lang='lat' dir='ltr'>in</span> <span class='ocrx_word' id='word_1_198' title='bbox 307 2375 550 2439; x_wconf 78' lang='lat' dir='ltr'>Angliam,</span> <span class='ocrx_word' id='word_1_199' title='bbox 577 2374 878 2440; x_wconf 81' lang='lat' dir='ltr'>plurimaque</span> <span class='ocrx_word' id='word_1_200' title='bbox 916 2371 1224 2435; x_wconf 85' lang='lat' dir='ltr'>hujusmodi,</span> <span class='ocrx_word' id='word_1_201' title='bbox 1248 2370 1406 2421; x_wconf 76' lang='lat' dir='ltr'>&#39;modo</span> <span class='ocrx_word' id='word_1_202' title='bbox 1443 2385 1638 2428; x_wconf 86' lang='lat' dir='ltr'>coram,</span> 
     </span>
     <span class='ocr_line' id='line_1_28' title="bbox 225 2450 1643 2516; baseline -0.006 -15"><span class='ocrx_word' id='word_1_203' title='bbox 225 2451 375 2506; x_wconf 68' lang='lat' dir='ltr'>modo</span> <span class='ocrx_word' id='word_1_204' title='bbox 395 2452 446 2501; x_wconf 88' lang='lat' dir='ltr'>in</span> <span class='ocrx_word' id='word_1_205' title='bbox 469 2452 656 2507; x_wconf 76' lang='lat' dir='ltr'>occulto</span> <span class='ocrx_word' id='word_1_206' title='bbox 677 2451 740 2500; x_wconf 82' lang='lat' dir='ltr'>ad</span> <span class='ocrx_word' id='word_1_207' title='bbox 759 2451 908 2516; x_wconf 87' lang='lat' dir='ltr'>ipsius</span> <span class='ocrx_word' id='word_1_208' title='bbox 930 2450 1247 2514; x_wconf 83' lang='lat' dir='ltr'>ignominiam</span> <span class='ocrx_word' id='word_1_209' title='bbox 1268 2450 1413 2513; x_wconf 84' lang='lat' dir='ltr'>vulgo</span> <span class='ocrx_word' id='word_1_210' title='bbox 1438 2465 1524 2513; x_wconf 85' lang='lat' dir='ltr'>per</span> <span class='ocrx_word' id='word_1_211' title='bbox 1549 2450 1643 2494; x_wconf 84' lang='lat' dir='ltr'>An-</span> 
     </span>
     <span class='ocr_line' id='line_1_29' title="bbox 226 2525 1645 2595; baseline -0.004 -19"><span class='ocrx_word' id='word_1_212' title='bbox 226 2529 368 2595; x_wconf 86' lang='lat' dir='ltr'>gliam</span> <span class='ocrx_word' id='word_1_213' title='bbox 397 2530 704 2593; x_wconf 75' lang='lat' dir='ltr'>jactarentur,</span> <span class='ocrx_word' id='word_1_214' title='bbox 744 2539 928 2583; x_wconf 83' lang='lat' dir='ltr'>tantam</span> <span class='ocrx_word' id='word_1_215' title='bbox 958 2529 1163 2595; x_wconf 80' lang='lat' dir='ltr'>proinde</span> <span class='ocrx_word' id='word_1_216' title='bbox 1195 2529 1343 2579; x_wconf 86' lang='lat' dir='ltr'>animi</span> <span class='ocrx_word' id='word_1_217' title='bbox 1372 2525 1645 2576; x_wconf 85' lang='lat' dir='ltr'>moestitiam</span> 
     </span>
     <span class='ocr_line' id='line_1_30' title="bbox 226 2601 1647 2674; baseline -0.005 -19"><span class='ocrx_word' id='word_1_218' title='bbox 226 2608 434 2674; x_wconf 86' lang='lat' dir='ltr'>accepit,</span> <span class='ocrx_word' id='word_1_219' title='bbox 460 2624 560 2655; x_wconf 92' lang='lat' dir='ltr'>non</span> <span class='ocrx_word' id='word_1_220' title='bbox 582 2608 769 2656; x_wconf 84' lang='lat' dir='ltr'>valente</span> <span class='ocrx_word' id='word_1_221' title='bbox 801 2608 949 2673; x_wconf 90' lang='lat' dir='ltr'>ipsius</span> <span class='ocrx_word' id='word_1_222' title='bbox 970 2606 1233 2673; x_wconf 87' lang='lat' dir='ltr'>petulantia</span> <span class='ocrx_word' id='word_1_223' title='bbox 1256 2617 1398 2670; x_wconf 87' lang='lat' dir='ltr'>atque</span> <span class='ocrx_word' id='word_1_224' title='bbox 1424 2601 1647 2669; x_wconf 86' lang='lat' dir='ltr'>superbia</span> 
     </span>
    </p>
   </div>
   <div class='ocr_carea' id='block_1_3' title="bbox 68 1662 102 1678">
    <p class='ocr_par' dir='ltr' id='par_1_5' title="bbox 68 1662 102 1678">
     <span class='ocr_line' id='line_1_31' title="bbox 68 1662 102 1678; baseline 0 -2"><span class='ocrx_word' id='word_1_225' title='bbox 68 1662 102 1678; x_wconf 46' lang='lat' dir='ltr'>X</span> 
     </span>
    </p>
   </div>
   <div class='ocr_carea' id='block_1_4' title="bbox 284 2783 1547 2903">
    <p class='ocr_par' dir='ltr' id='par_1_6' title="bbox 284 2783 1547 2903">
     <span class='ocr_line' id='line_1_32' title="bbox 284 2783 1547 2842; baseline -0.005 -12"><span class='ocrx_word' id='word_1_226' title='bbox 284 2793 302 2830; x_wconf 87' lang='lat'><strong>1</strong></span> <span class='ocrx_word' id='word_1_227' title='bbox 313 2819 322 2829; x_wconf 90' lang='lat'><strong>.</strong></span> <span class='ocrx_word' id='word_1_228' title='bbox 353 2789 530 2834; x_wconf 59' lang='lat' dir='ltr'>Bonane&amp;</span> <span class='ocrx_word' id='word_1_229' title='bbox 547 2789 919 2842; x_wconf 56' lang='lat' dir='ltr'>(Maiae-ebbone),</span> <span class='ocrx_word' id='word_1_230' title='bbox 942 2792 966 2835; x_wconf 64' lang='lat' dir='ltr'>a</span> <span class='ocrx_word' id='word_1_231' title='bbox 984 2798 1068 2842; x_wconf 80' lang='lat' dir='ltr'>sept</span> <span class='ocrx_word' id='word_1_232' title='bbox 1086 2789 1208 2832; x_wconf 89' lang='lat' dir='ltr'>lieues</span> <span class='ocrx_word' id='word_1_233' title='bbox 1228 2788 1277 2828; x_wconf 88' lang='lat' dir='ltr'>de</span> <span class='ocrx_word' id='word_1_234' title='bbox 1295 2787 1335 2826; x_wconf 86' lang='lat' dir='ltr'>la</span> <span class='ocrx_word' id='word_1_235' title='bbox 1351 2783 1547 2825; x_wconf 82' lang='lat' dir='ltr'>Guerche.</span> 
     </span>
     <span class='ocr_line' id='line_1_33' title="bbox 284 2849 1240 2903; baseline 0 -15"><span class='ocrx_word' id='word_1_236' title='bbox 284 2852 324 2888; x_wconf 79' lang='lat'>2.</span> <span class='ocrx_word' id='word_1_237' title='bbox 355 2849 608 2891; x_wconf 60' lang='lat' dir='ltr'>c’est-a-dire</span> <span class='ocrx_word' id='word_1_238' title='bbox 621 2878 633 2898; x_wconf 87' lang='lat'><strong><em>‚</em></strong></span> <span class='ocrx_word' id='word_1_239' title='bbox 652 2850 689 2891; x_wconf 80' lang='lat' dir='ltr'>le</span> <span class='ocrx_word' id='word_1_240' title='bbox 706 2850 799 2903; x_wconf 76' lang='lat' dir='ltr'>long</span> <span class='ocrx_word' id='word_1_241' title='bbox 814 2851 883 2894; x_wconf 79' lang='lat' dir='ltr'>des</span> <span class='ocrx_word' id='word_1_242' title='bbox 900 2852 1005 2893; x_wconf 66' lang='lat' dir='ltr'>cotes</span> <span class='ocrx_word' id='word_1_243' title='bbox 1022 2851 1077 2890; x_wconf 85' lang='lat' dir='ltr'>du</span> <span class='ocrx_word' id='word_1_244' title='bbox 1096 2849 1240 2891; x_wconf 86' lang='lat' dir='ltr'>Bessin.</span> 
     </span>
    </p>
   </div>
   <div class='ocr_carea' id='block_1_5' title="bbox 0 0 56 3528">
    <p class='ocr_par' dir='ltr' id='par_1_7' title="bbox 0 0 56 3528">
     <span class='ocr_line' id='line_1_34' title="bbox 0 0 56 3528; baseline 0 0"><span class='ocrx_word' id='word_1_245' title='bbox 0 0 56 3528; x_wconf 95' lang='lat' dir='ltr'> </span> 
     </span>
    </p>
   </div>
  </div>
 </body>
</html>
