2086 3528
687 360 835 398 LIBER
862 359 1131 398 SECUNDUS.
1577 359 1626 396 63

193 443 370 495 xrerum
391 444 764 493 necessariarum
787 443 989 508 penuria
1023 452 1069 489 et
1098 439 1431 489 caristiasNon
1464 451 1626 489 tamen

212 522 397 572 animus
421 522 637 585 viresque
663 520 728 567 eis
758 519 951 566 defuere
983 519 1101 583 quin
1131 535 1180 566 se
1206 518 1266 565 ab
1289 517 1510 565 hostibus
1531 528 1628 565 tue-

210 610 389 661 rentur,
416 615 593 663 eosque
609 635 621 658 ,
648 597 897 662 quomodo
921 606 1142 662 possent,
1170 595 1358 643 assidue
1380 612 1503 661 pene
1535 606 1628 643 stu-

209 677 378 729 derent
413 677 709 742 impugnare.
755 675 892 722 Unde
932 691 1069 735 cum,
1108 673 1320 737 quodam
1351 673 1450 733 die,
1483 690 1629 738 quem

208 754 508 821 praediximus
527 770 689 801 comes
705 753 1053 819 Salisberiensis
1071 768 1227 799 arcem
1246 750 1399 810 illam,
1418 752 1466 797 in
1480 752 1628 798 altero

208 830 304 880 fine
325 832 512 897 pontis,
535 831 802 878 intravisset
825 831 1166 894 lustraretque,
1193 829 1488 894 prospiciens
1511 846 1630 894 quo-

207 896 356 957 modo
381 926 467 975 per
496 926 601 956 eam
634 909 811 956 civitati
843 908 1125 955 detrimenta
1152 907 1372 967 inferret,
1406 916 1526 954 nutu
1553 907 1626 954 di-

206 986 325 1035 xtinae
346 986 659 1053 providentiae
682 1004 769 1052 per
787 986 959 1034 urbem
977 986 1127 1051 ipsam
1159 986 1206 1031 in
1231 984 1445 1032 hostium
1470 995 1629 1050 potes-

63 1047 65 1054 Ι
129 1060 136 1068 ’
207 1068 350 1113 tatem
374 1064 524 1129 redigi
549 1063 874 1130 prohiberet¹,
909 1081 964 1110 ex
990 1062 1226 1110 moenibus
1250 1063 1450 1110 civitatis
1475 1063 1629 1126 jactus

206 1138 266 1188 dle
297 1139 629 1188 bombardella
662 1141 811 1206 lapis,
857 1140 1109 1188 fenestram
1143 1155 1291 1186 unam
1320 1139 1420 1203 ejus
1459 1140 1624 1202 turris,

205 1218 281 1266 cui
316 1234 468 1284 prope
501 1218 718 1266 adstabat
750 1219 879 1266 idem
907 1234 1098 1276 comes,
1124 1217 1340 1278 intravit3
1373 1217 1455 1281 qui
1486 1216 1629 1265 ferra-

206 1306 368 1344 mento
398 1296 584 1358 allisus,
611 1313 711 1361 quo
735 1296 903 1344 eadem
927 1294 1231 1342 muniebatur
1259 1295 1488 1356 fenestra,
1511 1303 1558 1341 et
1578 1295 1626 1341 in

151 1432 155 1433 ⁷
204 1382 340 1439 parte
363 1373 565 1431 divisus,
599 1374 647 1420 in
673 1384 816 1439 caput
839 1374 984 1439 ipsius
1011 1373 1226 1434 comitis,
1251 1388 1402 1437 prope
1426 1371 1629 1420 alterum

205 1451 485 1513 oculorum,
530 1451 755 1516 impegit,
809 1467 1016 1515 eumque
1059 1450 1296 1498 lethaliter
1338 1449 1622 1498 vulneravit.

205 1531 447 1594 Cumque,
474 1529 540 1576 ita
570 1530 780 1591 saucius,
814 1529 876 1576 ad
910 1528 1144 1594 oppidum
1170 1527 1442 1574 Modinum·³
1455 1545 1505 1575 se
1543 1527 1627 1575 de-

204 1611 316 1658 ferri
333 1610 532 1672 fecisset,
552 1610 675 1657 infra
690 1626 956 1675 paucorum
973 1609 1159 1656 dierum
1176 1608 1327 1674 spatia
1350 1609 1443 1655 vita
1467 1624 1627 1655 exces-

204 1687 280 1736 sit.
317 1691 433 1747 Quae
463 1705 540 1736 res
575 1699 622 1736 et
652 1689 830 1736 civitati
855 1698 900 1734 et
923 1687 1114 1734 Francis
1146 1703 1245 1734 non
1277 1686 1480 1733 infausta
1505 1686 1624 1746 fuit;

204 1781 318 1814 nam
343 1766 467 1814 inter
489 1765 658 1814 omnes
681 1767 944 1831 Anglorum
977 1765 1122 1812 duces
1151 1774 1198 1812 et
1234 1764 1629 1830 prudentissimus

55 1852 59 1855 ’
126 1863 130 1867 ·
202 1844 252 1891 in
292 1844 434 1892 rebus
461 1844 642 1893 bellicis
668 1855 714 1891 et
737 1845 1087 1893 strenuissimus
1109 1843 1394 1892 habebatur.
1426 1844 1630 1908 Reliquit

202 1931 362 1970 autem
397 1923 606 1970 moriens
642 1923 788 1970 totius
819 1921 1084 1970 obsidionis
1120 1932 1167 1969 et
1201 1921 1434 1969 exercitus
1462 1937 1628 1969 curam

202 2000 393 2048 cuidam
417 2001 633 2065 Anglico,
661 2011 985 2065 cognomento
1011 1999 1292 2060 Classia'as’,
1319 2017 1464 2065 quem
1485 2000 1627 2048 etiam

201 2070 349 2126 totius
371 2079 616 2126 industriae
641 2079 854 2127 militaris
876 2079 1179 2145 potissimum
1203 2077 1474 2143 reputabat.

266 2155 505 2204 Defuncto
543 2157 686 2221 igitur
728 2157 811 2204 tali
849 2156 997 2203 modo
1039 2156 1214 2203 comite
1263 2154 1589 2202 Salisberiensi
1612 2193 1625 2218 ,

202 2232 338 2295 cujus
357 2251 537 2282 nomen
561 2246 608 2283 et
630 2235 756 2282 fama
784 2236 976 2282 Francis
998 2251 1099 2281 non
1123 2250 1272 2299 parvo
1295 2233 1596 2282 ducebantur
1610 2272 1622 2295 ‚

201 2308 342 2357 laetati
362 2322 471 2359 sunt
489 2313 688 2377 quidem
702 2313 817 2377 ,Aqui
836 2314 885 2359 in
909 2312 1097 2360 civitate
1117 2311 1298 2359 obsessi
1316 2311 1622 2370 tenebantur,

200 2395 247 2433 et
266 2403 349 2452 spe
373 2375 568 2435 meliore
590 2390 804 2438 roborati
822 2407 917 2438 suae
934 2389 1201 2437 defensioni
1218 2389 1415 2436 viriliter
1436 2390 1627 2437 incum-

199 2463 332 2513 bere.
373 2465 508 2529 Angli
538 2483 652 2514 vero
689 2486 715 2515 e
756 2469 944 2516 diverso
970 2467 1109 2515 variis
1141 2467 1541 2516 machinamentis
1570 2484 1626 2515 ac

202 2542 532 2606 molitionibus
552 2544 627 2592 vel
656 2545 896 2594 civitatem
920 2563 1221 2612 expugnare,
1257 2546 1331 2593 vel
1367 2547 1523 2594 inedia
1563 2545 1623 2593 ad

203 2619 499 2668 deditionem
522 2622 645 2669 cives
663 2640 832 2688 urgere
849 2662 861 2686 ,
889 2623 1189 2672 insistebant.

259 2740 297 2779 1.
328 2741 404 2777 Sic.
427 2738 460 2776 Il
484 2738 565 2776 faut
583 2739 655 2778 lire
684 2753 771 2779 sans
795 2741 913 2780 doute
946 2751 1039 2779 natu
1060 2743 1194 2779 divinae
1216 2743 1459 2792 providentiae
1496 2741 1622 2780 urbem

205 2802 325 2849 ipsam
347 2803 385 2835 in
403 2799 561 2837 hostiam
576 2808 799 2850 potestatem
817 2803 940 2852 redigi
944 2802 1197 2851 prohibentis.

259 2860 298 2897 2.
332 2857 526 2897 Glasdale.
