2086 3528
758 367 904 403 LIBER
932 366 1160 414 QUINTUS.
1573 366 1645 404 261

233 457 328 508 tes,
353 449 510 495 statim
538 448 736 495 classem
760 457 808 495 et
838 448 1043 495 militum
1066 449 1274 496 validam
1297 448 1649 514 expeditionem

233 535 536 590 paraverunt.
565 526 711 589 Cujus
746 525 997 584 ducatum,
1031 537 1261 591 tanquam
1294 527 1480 592 optimo
1509 537 1653 591 atque

231 602 566 668 probatissimo
600 603 734 661 duci,
773 603 974 650 domino
1012 603 1073 651 de
1103 603 1316 665 Talebot,
1347 603 1510 651 comiti
1532 604 1652 652 Che-

229 680 539 740 rosberiensi,
566 680 806 727 duxerunt
828 681 1246 729 committendum.
1274 682 1399 730 Licet
1421 682 1575 746 enim,
1601 692 1654 730 ut

230 773 375 824 supra
409 759 804 817 memoravimus,
847 759 989 805 obses
1030 759 1170 806 datus
1200 760 1300 822 regi
1331 762 1648 821 Francorum,

231 846 430 901 propter
453 836 692 883 defectum
710 836 990 884 redditionis
1014 837 1293 884 Honnefluti
1311 847 1357 884 et
1371 847 1649 886 caeterorum

230 914 431 961 aliorum
471 924 737 961 castrorum
761 951 773 972 ,
817 916 952 978 quasi
990 931 1076 979 per
1109 915 1225 961 anni
1261 915 1465 979 spatium
1489 931 1517 962 a
1541 933 1652 980 rege

227 1002 438 1039 servatus
460 991 622 1038 fuisset
643 1029 653 1045 ,
682 992 832 1038 fuerat
850 1002 1006 1038 tamen
1025 991 1335 1057 postmodum
1349 1028 1361 1051 ,
1383 994 1516 1056 quasi
1540 1011 1650 1040 evo-

227 1069 328 1116 luto
363 1085 521 1130 anno,
559 1069 707 1116 libere
740 1069 920 1134 absque
948 1069 1107 1134 aliqua
1139 1070 1471 1135 redemptione
1503 1089 1649 1137 pecu-

227 1148 378 1194 niaria
399 1147 644 1205 dimissus,
671 1158 718 1194 et
740 1165 834 1195 suae
866 1148 1031 1213 priscae
1064 1148 1278 1195 redditus
1304 1148 1528 1196 libertati.
1558 1153 1650 1198 Lu-

226 1225 397 1273 benter
434 1226 576 1289 igitur
617 1226 813 1290 hujusce
849 1243 971 1273 onus
1016 1226 1331 1291 expeditionis
1376 1243 1670 1287 assumens,¹

225 1303 501 1350 transmisso
527 1302 646 1349 freto
664 1319 775 1349 cum
798 1303 1028 1349 instructa
1047 1303 1218 1365 classe,
1244 1304 1556 1367 Burdegalam
1570 1322 1651 1371 ap-

224 1381 405 1446 plicuit.
450 1383 558 1438 Quo
595 1397 707 1427 cum
740 1380 1020 1445 appulisset,
1070 1381 1171 1428 sine
1222 1398 1356 1429 mora
1404 1399 1430 1430 a
1465 1383 1650 1431 civibus

223 1459 408 1506 cunctis
438 1475 550 1505 cum
575 1470 751 1521 magno
780 1458 1010 1523 applausu
1051 1469 1094 1505 et
1135 1459 1374 1506 alacritate
1401 1460 1449 1506 in
1479 1460 1648 1508 urbem

224 1545 448 1602 exceptus
482 1544 568 1582 est.
610 1538 665 1582 Et
689 1535 865 1582 nobilis
894 1536 963 1582 vir
985 1546 1310 1600 cognomento
1334 1537 1505 1583 Cotivi¹
1524 1574 1536 1596 ,
1565 1539 1648 1603 qui

222 1630 311 1679 pro
360 1614 578 1661 custodia
614 1613 816 1660 civitatis
860 1630 969 1660 cum
1013 1624 1144 1660 certo
1192 1614 1398 1660 militum
1443 1631 1647 1663 numero

221 1692 316 1738 illic
337 1691 521 1738 locatus
546 1690 725 1749 fuerat,
764 1701 931 1756 captus
961 1690 1022 1738 ab
1057 1690 1220 1754 Anglis
1253 1708 1365 1738 cum
1401 1693 1648 1741 nonnullis

221 1768 345 1829 aliis,
375 1768 423 1814 in
452 1767 667 1832 Angliam
691 1769 867 1816 exstitit
893 1768 1084 1815 ductus.

285 1849 403 1905 Quae
425 1864 536 1894 cum
573 1847 638 1894 ita
673 1848 721 1894 in
763 1847 1023 1911 Burdegala
1056 1857 1188 1912 gesta
1219 1848 1444 1908 fuissent,
1470 1850 1647 1914 pariter

219 1927 364 1973 etiam
382 1935 429 1972 et
448 1925 550 1972 aliae
566 1924 874 1990 quamplures
892 1926 1104 1972 civitates
1122 1935 1170 1972 et
1183 1925 1381 1991 oppida,
1401 1944 1506 1992 quae
1524 1946 1644 1994 prae-

218 2003 350 2051 sidiis
385 2003 670 2051 militaribus
703 2006 997 2050 Francorum
1023 2005 1219 2051 minime
1255 2006 1450 2052 munitae
1478 2017 1641 2068 erant,

219 2082 396 2129 factum
444 2082 864 2146 Burdegalensium
892 2081 1095 2128 libenter
1127 2082 1541 2147 amplexabantur,
1577 2096 1645 2132 at-

217 2177 311 2224 que
334 2159 605 2207 voluntarie
628 2176 678 2206 se
703 2159 864 2206 denuo
892 2159 1154 2224 Anglorum
1183 2161 1282 2225 regi
1321 2161 1637 2209 tradiderunt.

217 2239 412 2285 Retenta
437 2246 548 2283 sunt
568 2247 729 2284 tamen
752 2254 779 2284 a
802 2239 994 2285 Francis
1016 2241 1172 2285 Bourc
1203 2248 1248 2286 et
1269 2239 1422 2302 Blaye
1441 2240 1636 2305 oppida,

215 2332 327 2363 cum
360 2315 607 2363 nonnullis
644 2316 834 2381 oppidis
870 2327 916 2364 et
951 2316 1175 2376 castellis,
1223 2317 1272 2363 in
1311 2317 1508 2381 quibus,
1549 2336 1638 2383 pro

216 2384 362 2441 tutela
404 2394 590 2458 patriae,
636 2394 864 2459 custodiae
908 2395 1114 2442 militum
1159 2394 1413 2442 validiores
1453 2396 1640 2443 fuerant

214 2471 456 2519 collocatae
480 2491 491 2518 ε
519 2472 738 2519 nondum
768 2474 897 2520 enim
921 2473 1188 2520 incolarum
1214 2474 1375 2538 patriae
1399 2475 1465 2522 ita
1491 2473 1636 2520 fidem

215 2550 380 2596 Franci
406 2549 801 2614 insequebantur,
825 2551 959 2615 quod
984 2551 1072 2598 sub
1097 2569 1150 2599 ea
1175 2553 1320 2598 totius
1339 2552 1502 2617 patriae
1518 2561 1638 2598 tute-

213 2627 307 2674 lam
333 2627 696 2692 relinquendam
716 2629 975 2676 duxissent.

278 2708 398 2752 Cum
440 2715 600 2751 autem
645 2704 925 2769 hujusmodi
971 2708 1283 2755 revolutionis
1327 2718 1375 2754 et
1418 2708 1642 2754 novitatis

268 2853 283 2888 1
299 2880 306 2887 .
337 2851 485 2888 Olivier
503 2850 551 2888 de
567 2850 743 2900 Coetivy,
766 2852 945 2891 senechal
966 2853 1015 2891 de
1034 2855 1236 2903 Guyenne.
