2086 3528
762 379 910 416 LIBER
936 380 1161 428 QUINTUS.
1603 382 1682 420 323

265 474 369 521 quae
402 458 450 506 in
487 475 537 506 se
571 460 776 507 invicem
809 461 953 509 iidem
986 462 1158 510 milites
1190 463 1570 525 committerent,
1598 482 1685 531 per

264 535 512 598 magistros
533 552 590 583 ac
611 536 758 585 duces
779 538 985 586 militum
1005 540 1306 604 punirentur.

329 613 491 660 Curias
514 630 758 678 supremas
781 615 914 679 regni
943 617 1041 677 sui,
1069 617 1307 682 praecipue
1329 616 1458 665 illam
1483 633 1686 667 venera-

262 687 408 736 bilem
445 690 628 738 curiam
665 693 949 740 Parlamenti
991 694 1289 756 Parisiensis,
1327 704 1374 741 et
1411 694 1602 743 colebat
1640 706 1687 744 et

263 767 515 831 diligebat,
556 768 767 817 studium
801 771 1039 819 adhibens
1068 782 1122 819 ut
1153 773 1340 820 idoneis
1367 774 1584 838 personis
1602 811 1613 832 ,
1640 784 1686 822 et

262 845 323 892 de
346 845 461 893 fidei
476 842 746 911 integritate>
755 849 972 913 jurisque
995 850 1163 914 peritia
1186 860 1233 896 et
1260 849 1512 915 probitatis
1539 852 1686 899 mori-

262 921 354 969 bus
398 925 769 983 commendatis,
819 926 1011 974 easdem
1057 926 1276 993 impleret
1297 965 1308 986 ‚
1356 938 1403 975 et
1446 929 1687 993 aliquibus

261 1000 613 1063 deficientibus,
642 1003 974 1068 hujuscemodi
997 1006 1282 1053 meritorum
1306 1006 1423 1054 alios
1445 1006 1685 1055 sufficeret

263 1088 409 1143 atque
429 1080 724 1144 subrogaret.

329 1159 503 1205 Curam
524 1159 664 1206 etiam
688 1158 860 1206 habuit
881 1158 1007 1223 leges
1031 1169 1077 1206 et
1102 1160 1467 1208 constitutiones
1491 1160 1685 1222 edendi,

264 1234 340 1281 vel
362 1234 513 1282 editas
547 1235 661 1282 olim
687 1236 736 1282 in
759 1235 927 1282 melius
949 1236 1269 1295 reformandi,
1296 1226 1394 1301 quo
1417 1237 1609 1284 brevior
1638 1247 1685 1285 et

265 1313 656 1377 compendiosior
693 1313 742 1360 in
774 1313 955 1360 eisdem
988 1314 1130 1361 curiis
1161 1330 1412 1362 causarum
1445 1315 1687 1380 expeditio

267 1388 368 1436 fieri
392 1392 592 1454 posset¹,
622 1408 732 1437 cum
766 1390 826 1437 de
848 1390 1154 1455 dispendiosa
1184 1392 1325 1438 nimis
1353 1401 1399 1439 et
1430 1408 1565 1455 paene
1602 1393 1689 1439 im-

266 1467 456 1514 mortali
480 1467 632 1516 litium
657 1468 1023 1532 prorogatione,
1048 1469 1097 1515 in
1123 1469 1225 1533 ipsa
1248 1469 1381 1516 curia
1404 1468 1690 1517 Parlamenti

265 1544 674 1606 introductarum,
700 1546 919 1592 universa
942 1546 1073 1608 regio
1097 1555 1394 1608 quereretur.

332 1624 385 1667 In
428 1638 533 1669 reos
569 1623 714 1670 etiam
754 1639 1041 1686 magnorum
1085 1622 1344 1669 criminum
1384 1621 1512 1668 mitis
1547 1632 1691 1687 atque

266 1697 661 1746 clementissimus
705 1698 793 1745 suit
809 1736 820 1758 ,
865 1709 911 1745 et
928 1734 939 1755 ‚
985 1699 1242 1763 plusquam
1286 1697 1479 1763 publica
1526 1698 1684 1746 forsan

267 1787 543 1841 exposceret
568 1777 756 1835 utilitas,
776 1793 898 1840 saepe
921 1777 1175 1823 criminum
1199 1775 1397 1839 gratiam
1421 1775 1545 1823 fecit.
1566 1778 1687 1824 Duci

269 1853 539 1913 Alenconii,
581 1853 803 1900 convicto
835 1862 882 1900 et
919 1853 966 1899 in
998 1852 1105 1916 jure
1144 1851 1361 1898 confesso
1385 1851 1520 1916 quod
1559 1869 1687 1899 non-

268 1930 427 1978 nullos
450 1931 510 1978 de
533 1931 792 1995 majoribus
813 1929 1092 1996 proceribus
1115 1946 1171 1976 ac
1194 1929 1491 1994 principibus
1515 1930 1689 1993 Anglo-

269 2025 377 2055 rum
400 2008 690 2055 sollicitasset
713 2008 773 2056 de
799 2006 1122 2072 aggrediendo
1156 2007 1525 2066 Normanniam,
1550 2007 1692 2072 polli—

270 2086 391 2133 citus
435 2086 613 2133 eisdem
659 2085 792 2148 quod
845 2086 892 2131 in
941 2084 1121 2149 oppida
1169 2093 1216 2130 et
1260 2092 1412 2131 castra
1458 2093 1691 2131 terrarum

270 2181 465 2211 suarum
503 2181 586 2211 eos
621 2164 890 2211 admitteret
933 2172 979 2210 et
1017 2179 1073 2209 ea
1110 2162 1223 2226 ipsis
1266 2160 1499 2218 traderet,
1544 2162 1692 2208 vitam

271 2241 497 2302 donavit,
523 2258 634 2288 cum
662 2250 820 2288 tamen
838 2277 849 2299 ,
878 2240 925 2286 in
952 2239 1155 2286 solemni
1178 2238 1474 2302 parlamento
1497 2248 1694 2303 propter

269 2319 365 2365 hoc
386 2335 414 2365 a
429 2335 477 2365 se
497 2327 785 2382 congregato
809 2317 937 2382 apud
961 2316 1286 2363 Vindocinum
1310 2314 1545 2380 oppidum
1559 2317 1589 2375 ²,
1608 2333 1695 2380 per

271 2413 409 2461 pares
432 2397 637 2443 Franciae
666 2406 713 2443 et
735 2406 930 2442 caeteros
961 2394 1055 2441 illic
1086 2394 1134 2440 in
1172 2409 1346 2456 magno
1371 2409 1575 2439 numero
1598 2392 1694 2439 col-

271 2475 419 2523 lectos
436 2474 565 2522 velut
583 2475 700 2521 laesae
727 2473 980 2538 majestatis
1002 2489 1110 2519 reus
1136 2470 1484 2518 condemnatus
1511 2470 1691 2517 fuisset.

277 2553 531 2601 Ferebatur
544 2552 672 2599 enim
689 2552 736 2598 in
755 2568 888 2599 suam
906 2550 1263 2599 excusationem
1279 2547 1504 2595 eumdem
1521 2546 1694 2594 ducem

329 2705 347 2740 1
359 2731 367 2740 .
399 2701 491 2740 Voir
506 2700 782 2739 l'ordonnance
799 2714 846 2738 en
864 2702 940 2739 125
956 2699 1107 2738 articles
1126 2696 1273 2737 rendue
1289 2709 1390 2748 pour
1408 2695 1446 2734 la
1464 2695 1632 2734 reformo
1649 2694 1696 2734 de

274 2762 313 2800 la
327 2761 479 2809 justice,
496 2774 542 2799 en
566 2760 662 2798 avril
685 2762 787 2798 1454
800 2791 810 2808 ,
825 2768 863 2797 et
881 2760 918 2798 le
938 2759 1152 2811 reglement
1172 2770 1271 2808 pour
1290 2756 1345 2793 les
1365 2754 1506 2808 grands
1521 2754 1629 2802 jours
1649 2752 1695 2791 de

275 2821 438 2859 Poitiers
453 2828 489 2858 et
502 2819 550 2858 de
565 2818 844 2859 Montsen-and.
858 2821 1012 2856 Recueil
1021 2820 1087 2855 des
1106 2818 1220 2865 Ord„
1234 2823 1263 2856 t.
1281 2817 1386 2864 XIV,
1402 2828 1441 2866 p.
1459 2815 1535 2853 284
1551 2822 1588 2852 et
1602 2814 1694 2855 331.

330 2882 369 2917 2.
400 2883 461 2918 Au
479 2879 578 2917 mois
597 2878 729 2916 d’aofit
749 2879 867 2916 1458.
