2086 3528
537 376 612 411 112
920 370 1260 410 HISTORIARUM
1287 373 1468 410 CAROLI
1497 374 1563 409 VlI

535 454 817 521 appellatur,
843 450 903 499 ad
935 450 1283 514 subjiciendum
1310 453 1400 501 sibi
1431 463 1477 501 et
1498 452 1786 518 capiendum
1809 453 1947 518 oppi-

536 532 655 578 dum
675 531 860 594 Diepae,
883 528 1016 592 quod
1036 538 1106 575 est
1123 529 1266 576 situm
1289 547 1388 578 non
1409 530 1578 596 procul
1599 530 1659 577 ab
1686 529 1768 576 illo
1789 539 1946 578 castro

534 610 582 656 in
616 609 775 655 littore
807 607 976 665 mariS,
1002 607 1052 652 in
1087 623 1186 670 quo
1222 609 1404 673 oppido
1439 609 1529 657 alia
1558 625 1702 672 quam
1740 607 1801 655 de
1835 607 1949 674 ipsis

534 685 715 734 civibus
737 684 797 731 ab
819 683 978 748 Anglis
1003 684 1222 731 custodia
1243 686 1439 734 minime
1461 687 1614 751 posita
1638 686 1812 747 fuerat,
1831 685 1947 733 insi-

534 766 637 813 dias
660 763 873 812 tetendit.
895 765 1006 810 Erat
1023 763 1153 810 enim
1169 799 1181 822 ,
1202 773 1255 810 ut
1276 765 1438 828 patriae
1461 765 1623 812 accola
1637 802 1650 826 ,
1667 765 1947 813 munitionis

533 843 747 907 ejusdem
781 852 828 890 et
851 843 1073 888 locorum
1110 858 1197 906 per
1226 859 1332 906 quae
1362 843 1424 890 ad
1458 843 1825 908 ingrediendum
1867 844 1947 910 ip-

533 938 637 968 sum
668 922 745 968 via
778 930 939 985 patere
974 929 1159 984 posset,
1186 936 1285 966 non
1320 921 1524 985 ignarus.
1553 925 1673 969 Cum
1698 922 1857 986 itaque
1889 938 1947 969 ex

532 1009 665 1063 parte
689 997 842 1045 amnis
860 997 994 1061 juxta
1022 996 1339 1056 decurrentis,
1358 999 1441 1062 qui
1461 999 1664 1047 influens
1685 1015 1817 1046 mare
1834 1015 1947 1065 por-

534 1086 633 1122 tum
671 1074 786 1122 inibi
811 1075 944 1131 facit,
972 1075 1379 1123 animadvertisset
1412 1076 1590 1141 absque
1624 1093 1795 1142 magna
1821 1076 1946 1124 diffi-

530 1154 705 1201 cultate
743 1152 978 1217 oppidum
1016 1152 1201 1215 ingredi
1238 1170 1378 1218 posse
1401 1191 1413 1214 ‚
1460 1154 1658 1202 collecta
1694 1154 1944 1202 satellitum

531 1235 824 1278 Francorum
859 1231 968 1276 satis
998 1246 1145 1294 parva
1177 1247 1349 1292 manu,
1374 1242 1542 1289 noctu,
1566 1233 1691 1279 circa
1721 1231 1946 1280 kalendas

531 1307 806 1355 novembris
822 1310 851 1365 ¹,
872 1306 1147 1353 transmisso
1167 1323 1332 1367 amne,
1358 1308 1440 1372 qui
1464 1324 1574 1355 cum
1598 1324 1728 1355 mare
1750 1308 1947 1356 refluxe-

529 1386 590 1432 rit
613 1385 722 1431 satis
747 1383 881 1430 facile
902 1383 1199 1430 transvadari
1215 1394 1395 1448 potest,
1424 1385 1638 1432 adnectis
1663 1384 1816 1444 scalis,
1836 1401 1938 1432 mu-

530 1479 655 1520 rum,
686 1462 766 1526 qui
789 1461 884 1507 illic
906 1459 1045 1507 valde
1068 1462 1263 1525 exiguus
1286 1472 1332 1509 et
1353 1463 1672 1510 incustoditus
1687 1473 1810 1526 erat,
1835 1474 1947 1511 cum

529 1539 624 1585 suis
660 1537 974 1596 transcendit,
1009 1547 1085 1595 et,
1118 1538 1300 1584 civibus
1337 1555 1509 1586 somno
1550 1539 1776 1605 sepultis,
1809 1540 1947 1606 oppi-

528 1616 645 1663 dum
681 1615 762 1662 illo
800 1614 949 1661 modo
980 1616 1163 1679 accepit
1194 1626 1242 1662 et
1279 1617 1539 1679 acquisivit.
1573 1616 1718 1674 Quod
1743 1633 1855 1664 cum
1882 1617 1947 1665 ita

528 1693 704 1740 factum
725 1693 994 1751 exstitisset,
1028 1692 1163 1753 illuc,
1189 1703 1297 1758 post
1319 1694 1420 1741 dies
1445 1707 1541 1740 non
1573 1695 1771 1755 multOS,
1800 1699 1946 1742 Fran-

527 1788 694 1818 corum
717 1771 918 1818 militum
948 1769 1206 1818 multitudo
1232 1771 1383 1834 major
1407 1772 1653 1819 confluxit.
1682 1775 1792 1820 Erat
1816 1774 1944 1821 enim

527 1849 593 1896 eis
619 1858 919 1914 opportunus
951 1848 1085 1894 locus
1121 1848 1181 1895 ad
1209 1849 1393 1913 praedas
1428 1849 1663 1896 faciendas
1687 1867 1773 1916 per
1793 1860 1943 1902 totam

527 1927 656 1974 illam
692 1926 1010 1973 Caletensium
1047 1927 1251 1990 patriam
1291 1937 1336 1974 et
1376 1927 1781 1991 Rothomagenses
1826 1928 1944 1977 fines

525 2004 864 2064 incursandos,
891 2003 974 2050 ubi
1003 2014 1103 2050 erat
1126 2005 1260 2066 quasi
1290 2004 1425 2052 sedes
1458 2005 1602 2052 totius
1632 2005 1818 2070 imperii
1848 2007 1943 2053 An-

527 2084 716 2147 glorum
742 2083 791 2127 in
827 2099 974 2145 regno
1009 2085 1328 2141 Francorum3
1358 2082 1510 2138 unde,
1536 2082 1648 2144 quia
1681 2081 1760 2129 illa
1790 2082 1943 2148 patria

524 2171 626 2207 tum
658 2159 767 2206 satis
796 2159 1008 2223 locuples
1040 2169 1086 2205 et
1118 2158 1342 2205 omnibus
1370 2158 1510 2205 bonis
1540 2158 1710 2206 referta
1732 2169 1853 2220 erat,
1879 2159 1942 2208 ad

524 2237 657 2284 illum
673 2235 851 2293 locum,
869 2236 998 2282 velut
1011 2235 1069 2282 ad
1089 2252 1346 2282 commune
1362 2234 1609 2299 quoddam
1626 2234 1942 2284 latrocinandi

524 2313 812 2378 emporium,
837 2311 1141 2376 quamplures
1164 2311 1477 2375 confugerant
1505 2328 1531 2358 e
1559 2313 1776 2373 Francis,
1804 2323 1851 2360 et
1882 2330 1940 2361 ex

524 2392 646 2438 illius
664 2400 795 2437 terrae
811 2388 1053 2436 nobilibus
1069 2390 1328 2454 potissime.
1361 2388 1521 2436 Plures
1544 2390 1673 2436 enim
1693 2406 1749 2438 ex
1772 2390 1957 2438 iisdem=

524 2466 784 2525 nobilibus,
802 2466 1062 2529 Anglorum
1077 2466 1331 2531 imperium
1350 2467 1588 2531 aspernati
1610 2477 1657 2515 et
1675 2467 1935 2532 dedignati,

523 2553 679 2610 partes
711 2542 830 2605 regis
862 2545 1155 2589 Francorum
1185 2543 1334 2590 secuti
1360 2543 1571 2603 fuerant,
1597 2546 1679 2608 qui
1705 2562 1939 2611 pauperes

523 2633 570 2669 et
607 2622 799 2683 inopes,
834 2618 962 2666 velut
1000 2619 1099 2684 lupi
1138 2619 1365 2680 famelici,
1404 2621 1467 2668 ad
1502 2622 1710 2686 praedam
1745 2622 1807 2671 de
1845 2624 1940 2671 suis

523 2700 668 2747 etiam
704 2697 907 2763 propriis
946 2696 1225 2743 hominibus
1259 2713 1316 2744 ac
1352 2697 1580 2759 subditis,
1617 2700 1700 2764 qui
1736 2701 1937 2766 patriam

579 2867 614 2901 1.
647 2866 700 2901 Le
717 2860 905 2901 vendi-edi
919 2863 971 2902 28
991 2859 1147 2901 octobre
1168 2863 1286 2903 1435.
