2086 3528
525 334 575 372 78
913 334 1253 372 HISTORIARUM
1279 334 1462 373 CAROLI
1489 336 1560 374 VII

590 419 851 464 Carnotum
886 433 999 464 vero
1035 417 1331 467 vaframento
1359 419 1470 467 satis
1501 418 1674 467 callido
1697 429 1943 486 receptum

524 503 595 542 est
612 497 641 540 ¹.
668 495 787 543 Nam
819 511 929 541 cum
963 494 1076 541 illuc
1112 512 1235 561 saepe
1264 497 1558 561 ingrediatur
1578 513 1806 545 curruum
1825 514 1945 563 qua·

523 571 860 635 drigarumque
893 570 1168 633 multitudo,
1199 574 1399 637 contigit
1420 573 1633 638 quodam
1656 573 1734 621 die
1752 584 1807 622 ut
1825 575 1945 640 qui-

523 647 635 694 dam
655 646 843 709 milites,
872 647 1039 695 habitu
1057 647 1246 713 plebeio
1269 659 1316 697 et
1336 650 1578 698 rusticano
1600 650 1745 698 armis
1769 650 1944 700 obtec-

522 724 579 770 tis
600 761 612 784 ,
658 741 856 771 currum
916 735 1143 773 onustum
1198 726 1462 791 aurigantes
1480 763 1492 786 ,
1541 743 1686 792 supra
1739 738 1943 793 pontem

519 802 775 850 levaticum
806 813 853 850 et
883 802 1004 851 infra
1035 814 1227 869 portam
1247 804 1364 851 dum
1388 804 1623 866 sisterent,
1646 804 1944 872 detectisque

522 880 687 943 gladiis
715 880 938 928 custodes
965 891 1114 946 portae
1127 881 1418 946 jugularent,
1443 882 1579 946 signo
1603 882 1817 949 denique.
1829 900 1944 932 cum

518 957 740 1022 clangore
774 958 900 1006 tubae
928 959 1004 1006 vel
1036 976 1188 1006 cornu
1222 959 1365 1020 dato,
1398 970 1692 1008 armatorum
1730 962 1939 1027 copiam,

520 1036 604 1099 qui
631 1036 767 1100 juxta
800 1047 991 1102 portam
1027 1037 1076 1084 in
1107 1037 1344 1103 speluncis
1375 1048 1423 1085 et
1457 1038 1671 1086 cavernis
1692 1038 1944 1088 latitabant

522 1113 641 1177 (erat
665 1116 793 1161 enim
817 1132 975 1175 mane,
998 1125 1046 1162 et
1062 1117 1310 1163 nocturnis
1329 1115 1426 1163 illic
1449 1115 1658 1164 tenebris
1675 1132 1776 1164 sese
1794 1133 1942 1164 occu·

519 1191 746 1258 lu‘erant),
762 1193 890 1241 illico
910 1189 1225 1242 advocarunt.
1242 1194 1336 1252 Qui
1352 1210 1562 1260 propero
1577 1211 1741 1259 gressu
1755 1194 1942 1242 irruen-

519 1279 605 1331 tes,
633 1288 691 1318 eo
727 1271 876 1320 modo
911 1272 1152 1321 civitatem
1187 1283 1560 1338 occupaverunt.
1602 1272 1748 1337 Cujus
1770 1273 1840 1321 rei
1861 1290 1942 1321 ru-

519 1365 654 1396 more
687 1349 813 1398 illico
849 1350 1155 1416 pervolante,
1192 1338 1304 1398 cum
1340 1351 1540 1399 civitatis
1573 1351 1826 1417 episcopus
1859 1351 1943 1416 qui

518 1428 631 1475 satis
656 1428 894 1476 ferventer
914 1428 1128 1494 partibus
1160 1429 1422 1494 Anglorum
1461 1439 1510 1477 et
1547 1429 1943 1494 Burgundionum

517 1505 791 1555 adhaerebat
811 1509 841 1568 ²,
880 1507 1040 1555 adhuc
1062 1507 1226 1555 hostes
1248 1508 1469 1571 ejiciendi
1492 1525 1627 1574 spem
1650 1507 1858 1571 habens,
1890 1509 1940 1556 in

518 1584 661 1632 armis
683 1583 1010 1650 deprehensus
1033 1585 1210 1647 fuisset,
1229 1586 1390 1635 furore
1410 1586 1647 1647 saeviente,
1664 1595 1943 1652 peremptus

517 1673 610 1725 est;
639 1664 803 1711 civitas
840 1680 1033 1729 quoque
1067 1673 1185 1725 tota,
1212 1665 1394 1712 nemini
1427 1665 1630 1730 parcito,
1652 1665 1700 1711 in
1723 1665 1941 1730 rapinam

518 1740 934 1807 direptionemque
969 1740 1198 1788 militibus
1232 1742 1479 1807 permissa.
1517 1746 1628 1790 Erat
1653 1743 1783 1790 enim
1816 1742 1942 1791 fama

516 1819 613 1866 loci
645 1819 828 1866 incolas
867 1818 1129 1883 Anglorum
1172 1830 1330 1884 partes
1359 1830 1504 1885 atque
1541 1820 1940 1884 Burgundionum

516 1898 628 1944 satis
662 1897 964 1962 pertinaciter
998 1896 1302 1945 defendisse:
1329 1899 1462 1962 quod
1496 1899 1709 1964 plurium
1736 1915 1794 1946 ex
1825 1899 1939 1964 ipsis

515 1975 642 2023 caede
658 1975 999 2041 bonorumque
1017 1975 1203 2040 jactura
1225 1986 1271 2024 et
1293 1977 1564 2042 perditione
1586 1979 1650 2026 ita
1673 1978 1741 2026 eis
1763 1977 1938 2026 exstitit
1998 2021 2005 2029 κ

514 2063 837 2119 repensatum.

581 2133 890 2196 Occuparunt
917 2132 1061 2178 etiam
1088 2131 1178 2196 ipsi
1207 2132 1392 2190 Franci,
1418 2149 1504 2198 per
1526 2142 1762 2180 nocturna
1786 2131 1937 2180 silen—

514 2209 595 2271 tia,
622 2210 855 2276 oppidum
879 2209 1013 2274 quod
1036 2209 1337 2256 Locusveris³
1360 2209 1549 2270 dicitur,
1576 2227 1605 2258 a
1634 2198 1936 2274 Rothomago
1982 2237 1985 2240 ·

513 2298 696 2354 septem
718 2286 1057 2335 tantummodo
1089 2286 1236 2334 leucis
1260 2286 1440 2335 distans
1456 2324 1468 2346 ,
1494 2297 1542 2334 et
1573 2289 1621 2335 in
1646 2305 1704 2336 eo
1729 2287 1936 2336 validam

512 2375 807 2415 armatorum
831 2365 1149 2412 munitionem
1175 2365 1468 2426 locaverunt,
1497 2364 1626 2413 unde
1647 2381 1790 2430 agros
1815 2367 1935 2413 Nor-

514 2444 718 2491 manniae
751 2443 965 2508 quotidie
1000 2443 1312 2502 incursantes,
1332 2443 1590 2507 provinciae
1622 2442 1799 2491 damna
1828 2443 1935 2509 plu-

567 2551 607 2589 1.
637 2548 956 2596 Anachrorfisme,
978 2547 1014 2586 le
1040 2555 1336 2586 recouvrement
1356 2547 1404 2586 de
1426 2548 1605 2588 Char-tres
1631 2557 1688 2588 est
1714 2549 1767 2588 du
1788 2550 1812 2587 2
1837 2547 1935 2589 avril

513 2610 660 2712 ¹432«
691 2671 846 2710 Maistre
875 2670 999 2709 Jehan
1031 2669 1080 2708 de
1104 2670 1301 2720 Pestigny‚
1331 2670 1431 2709 natis
1455 2670 1504 2710 de
1533 2674 1814 2725 Bourgongne,
1849 2670 1936 2710 leur

509 2731 692 2783 evesque.
718 2748 735 2765 »ι
761 2730 998 2778 Monstrelet,
1018 2730 1045 2767 1.
1068 2732 1121 2777 II,
1143 2743 1176 2767 e.
1194 2742 1316 2768 cxvn.

567 2794 604 2830 3.
630 2791 831 2832 Louviers.
865 2791 970 2829 Cette
999 2788 1092 2828 ville
1124 2788 1181 2826 sut
1203 2788 1373 2840 surprise
1401 2803 1473 2842 par
1490 2793 1545 2829 La
1573 2789 1667 2829 Hire
1684 2802 1734 2829 au
1759 2787 1859 2828 mois
1882 2786 1933 2829 de

510 2852 662 2901 janvier
685 2854 803 2892 1430.
