2086 3528
556 335 632 371 ¹26
934 331 1273 368 HISTORIARUM
1303 331 1484 369 GAROLI
1511 332 1579 367 VII

555 427 626 464 est
646 414 806 480 quod,
830 422 1087 478 postquam
1108 413 1238 478 apud
1261 412 1538 461 Atrebatum
1557 412 1828 478 Philippus,
1853 416 1967 462 Bur·

556 493 857 558 gundionum
879 489 992 549 dux,
1020 506 1138 554 pace
1161 505 1272 538 cum
1295 491 1484 552 Carolo,
1511 494 1806 537 Francorum
1827 506 1963 554 rege,

555 562 963 636 quemadmodum
1000 568 1277 629 retulimus,
1318 568 1465 627 sacta,
1494 567 1669 615 foedere
1691 567 1824 632 quod
1856 584 1966 619 eum

556 648 714 711 Anglis
733 646 966 694 habuerat
998 644 1182 706 solum,
1209 645 1432 697 adversus
1468 647 1597 711 ipsos
1633 645 1810 709 Anglos
1831 645 1968 694 moli⁶

555 735 630 772 tus
652 725 725 771 sit.
756 724 928 790 Videns
947 723 1075 770 enim
1096 724 1224 788 ipsos
1246 714 1337 770 sibi
1359 734 1613 789 propterea
1631 723 1842 771 infensos
1861 723 1968 788 plu·-

555 801 731 847 rimum
747 798 1008 847 reddidisse
1022 833 1035 859 ,
1059 799 1290 863 terrisque
1310 809 1356 846 et
1377 798 1576 847 subditis
1594 801 1689 846 suis
1710 815 1768 849 ex
1786 799 1969 865 oppido

556 878 724 926 Calesii
743 887 790 924 et
813 876 1013 925 castellis
1035 876 1273 940 aliquibus
1292 876 1638 940 adjacentibus,
1659 893 1764 942 quae
1785 877 1835 925 in
1852 893 1970 925 eon-

556 956 672 1003 finio
692 965 925 1002 terrarum
942 969 1135 1001 suarum
1153 953 1383 1001 Flandriae
1405 964 1451 1001 et
1470 954 1694 1003 Picardiae
1717 955 1807 1003 sita
1829 964 1939 1002 sunt
1951 988 1965 1016 ‚

555 1035 692 1098 plura
708 1042 1000 1080 nocumenta
1016 1032 1188 1083 inferre
1203 1047 1343 1097 posse
1360 1065 1372 1093 ,
1389 1032 1640 1079 consilium
1655 1033 1839 1098 aceepit
1849 1032 1971 1081 velle

556 1112 700 1158 armis
721 1127 776 1158 ac
797 1110 974 1157 viribus
993 1127 1049 1157 ea
1071 1110 1237 1157 tollere
1267 1126 1456 1174 suaeque
1478 1109 1629 1158 facere
1655 1109 1878 1172 ditionis;
1905 1111 1969 1158 si-

556 1188 656 1234 mul
679 1188 819 1235 etiam
845 1187 973 1252 apud
1003 1205 1052 1234 se
1082 1197 1306 1252 reputans
1339 1203 1447 1250 erga
1477 1187 1702 1237 Carolum
1727 1203 1887 1251 regem
1924 1198 1973 1235 et

556 1268 762 1312 Francos
787 1265 984 1328 gratiam
1007 1274 1150 1327 atque
1181 1265 1437 1311 amicitiam
1469 1280 1751 1330 comparare
1769 1265 1971 1331 amplio-

556 1360 681 1402 rem,
707 1343 746 1389 si
765 1343 1068 1405 gravissimos
1093 1359 1262 1389 eorum
1283 1342 1447 1389 hostes
1469 1358 1554 1390 sua
1585 1359 1644 1390 ex
1663 1352 1796 1408 parte
1817 1343 1974 1409 impu·

557 1437 700 1485 gnare
722 1430 864 1484 atque
883 1437 1054 1467 eorum
1068 1421 1190 1467 vires
1207 1429 1453 1468 attenuare
1468 1419 1796 1485 contenderet.
1816 1410 1975 1479 Quum

557 1515 667 1546 cum
688 1498 919 1562 Flamingi
935 1498 1007 1546 sui
1025 1497 1165 1544 talem
1188 1499 1476 1563 accepissent
1494 1490 1605 1545 eum
1622 1509 1782 1562 gerere
1803 1498 1974 1547 volun-

556 1585 698 1622 tatem
714 1613 725 1633 ,
765 1586 837 1637 et,
873 1575 1032 1639 quoad
1066 1585 1286 1640 poterant
1301 1612 1313 1636 ‚
1358 1575 1656 1640 complacere
1695 1575 1971 1638 gestientes,

557 1653 699 1699 totius
731 1650 960 1698 Flandriae
986 1651 1108 1698 vires
1140 1651 1201 1698 ad
1231 1651 1355 1698 illius
1387 1668 1480 1698 suae
1510 1652 1864 1700 exsecutionem
1887 1668 1973 1699 vo-

556 1729 748 1776 luntatis
787 1728 1065 1776 obtuleruut
1080 1764 1092 1788 ,
1131 1738 1178 1776 et
1213 1747 1261 1776 se
1300 1729 1429 1776 solos
1469 1729 1586 1776 illud
1633 1729 1974 1795 adimpleturos

555 1807 943 1872 perfecturosque
955 1843 966 1865 ,
989 1806 1168 1871 absque
1185 1802 1292 1854 ullis
1311 1824 1505 1854 suarum
1521 1808 1718 1855 aliarum
1740 1817 1974 1857 terrarum

556 1887 727 1951 copiis,
754 1887 1094 1951 promiserunt.
1107 1879 1338 1945 'Quorum
1353 1896 1633 1953 promptum
1651 1887 1864 1935 animum
1881 1887 1974 1935 shi-

555 1979 811 2027 ceramque
835 1962 964 2010 idem
985 1953 1206 2028 princeps
1227 1964 1519 2029 perspiciens
1538 1960 1863 2024 voluntatem,
1893 1980 1973 2011 eo—

554 2058 662 2087 rum
685 2039 980 2087 oblationem
997 2040 1103 2088 laeto
1123 2058 1178 2088 ac
1195 2051 1329 2104 grato
1350 2041 1512 2088 auimo
1534 2042 1731 2106 accepit.
1754 2041 1899 2106 Cujus
1920 2051 1973 2089 ut

558 2118 833 2166 exhiberent
851 2118 1091 2179 affectum,
1108 2119 1168 2166 de
1184 2120 1378 2183 singulis
1395 2120 1556 2184 patriae
1571 2107 1760 2184 oppidis
1775 2120 1823 2167 et
1833 2119 1968 2180 locis,

555 2213 659 2260 quae
681 2205 781 2242 tum
805 2196 1172 2261 populosissima
1198 2195 1652 2262 opulentissimaque
1679 2206 1814 2244 erant
1831 2234 1842 2256 ‚
1869 2213 1972 2245 ma-

556 2288 671 2336 gnas
695 2273 854 2337 copias
877 2283 1216 2321 contraxerunt
1233 2310 1245 2332 ,
1270 2282 1318 2320 et
1347 2289 1447 2320 sese
1475 2273 1536 2320 ad
1559 2273 1826 2322 conductos
1845 2273 1972 2322 diem

554 2359 601 2397 et
622 2349 809 2409 locum,
840 2350 930 2397 sub
963 2349 1177 2413 ejusdem
1197 2350 1271 2396 sui
1292 2351 1521 2415 principis
1544 2350 1743 2411 ducatu,
1771 2350 1968 2417 college-

554 2435 666 2475 runt
697 2440 809 2474 cum
837 2427 1056 2475 curribus
1091 2439 1136 2476 et
1177 2429 1318 2476 variis
1349 2430 1654 2495 apparatibus
1686 2429 1828 2493 belli,
1867 2437 1973 2497 quoe

555 2501 794 2553 numerari
816 2506 891 2552 vix
914 2503 1196 2571 potuissent.
1230 2504 1569 2556 AEstimabatur
1592 2519 1753 2557 autem
1783 2503 1974 2576 expedi-

557 2593 716 2630 torum
760 2598 990 2638 numerus
1025 2599 1170 2648 supra
1212 2584 1529 2649 quadraginta
1569 2585 1717 2634 millia-
1757 2587 1972 2636 virorum
2027 2627 2030 2629 .

555 2669 722 2726 praeter
756 2662 1077 2721 carrucarios‚
1120 2661 1323 2710 fossores
1361 2673 1408 2710 et
1447 2673 1735 2712 mercatores
1764 2665 1870 2731 qui,
1909 2664 1978 2713 ad*

554 2756 798 2790 annonam
832 2750 878 2789 et
911 2750 1101 2789 caeteras
1136 2759 1210 2791 res
1242 2743 1529 2793 necessarias
1551 2745 1777 2794 exercitui
1800 2742 1970 2797 minis-

555 2817 809 2882 trandum,
836 2818 917 2868 illo
937 2819 997 2867 ad
1023 2820 1284 2869 maximum
1306 2839 1559 2871 numerum
1581 2823 1908 2873 adventarant.
