2086 3528
717 354 864 390 LIBER
891 353 1122 402 QUINTUS.
1547 356 1624 393 273
1667 324 1670 327 *

202 435 327 499 agris
362 434 594 483 Flandriae
625 453 771 500 quam
794 438 1086 498 Hannoniae,
1113 437 1272 484 nullus
1294 438 1393 485 ruri
1414 437 1624 486 colendo

202 512 496 575 intenderet,
525 514 751 579 nullaque
765 532 900 580 paene
915 515 1026 562 villa
1039 532 1138 562 non
1153 526 1364 564 cremata
1377 527 1593 565 maneret
1610 536 1621 565 :

204 599 335 638 tanta
361 591 532 650 rabieS,
559 592 788 656 furorque
813 592 969 640 feralis
990 593 1184 640 illorum
1205 594 1499 659 populorum
1522 597 1629 642 ani-

167 675 173 685 “’
204 685 310 716 mos
332 668 586 717 obsederat
606 680 654 717 et
675 670 893 718 tenebat!
923 671 1193 719 Miseranda
1220 673 1437 736 profecto
1467 690 1629 721 rerum

205 746 346 794 facies
369 757 417 794 et
439 747 590 795 foedus
615 749 795 813 ubique
811 766 898 815 per
921 766 1060 814 agros
1082 759 1364 814 prospectus
1391 760 1519 812 erat3
1545 751 1632 799 ubi

205 825 511 891 enim,·paulo
522 837 648 888 ante,
662 837 788 874 terra
800 827 900 891 ipsa
916 827 1067 874 fuerat
1080 827 1372 892 populorum
1386 827 1635 876 abundan-

206 903 271 951 tia
287 903 648 963 confertissima,
666 920 776 968 ager
791 903 1077 951 cultissimus
1093 913 1139 951 et
1155 904 1372 950 omnium
1386 903 1632 952 bonorum

205 982 423 1030 ubertate
445 982 814 1042 amoenissimus,
838 981 921 1028 ubi
943 981 1065 1028 villae
1089 981 1379 1029 densissimae
1400 998 1456 1029 ac
1478 998 1634 1047 popu-

203 1059 465 1121 losissimae,
483 1077 582 1106 non
608 1060 699 1107 nisi
716 1060 959 1107 desertum
982 1059 1288 1122 solitudoque
1313 1069 1360 1106 et
1383 1060 1630 1118 maceries,

206 1136 456 1185 destructae
490 1137 657 1185 favillae
690 1147 737 1184 et
770 1137 978 1196 cineres,
1010 1153 1096 1184 seu
1129 1137 1363 1184 semiustae
1393 1135 1550 1184 trabes
1580 1154 1636 1184 ac

206 1215 339 1279 tigna
362 1214 664 1262 videbantur.
693 1215 741 1261 Si
764 1214 883 1279 quid
907 1231 1022 1277 vero
1045 1215 1136 1279 ipsi
1161 1215 1236 1262 vel
1259 1214 1460 1280 propius
1482 1216 1640 1262 consi-

207 1303 337 1341 stens
358 1310 447 1340 suo
471 1293 674 1358 oppido,
701 1292 776 1340 vel
798 1291 982 1352 civibus
1005 1292 1229 1353 attinens,
1255 1309 1337 1339 seu
1360 1293 1504 1340 etiam
1526 1292 1639 1340 alibi

207 1373 441 1420 intactum
455 1371 772 1435 reliquissent,
789 1370 1048 1418 veniebant
1062 1363 1234 1417 milites
1251 1370 1498 1435 principis,
1516 1387 1638 1435 quos

208 1448 414 1514 praesidii
437 1464 578 1495 causa
607 1449 657 1494 in
684 1448 875 1513 oppidis
902 1457 950 1495 et
978 1448 1143 1495 castris
1170 1448 1339 1494 vicinis
1369 1449 1634 1509 locaverat,

210 1527 320 1592 qui,
352 1526 515 1574 omnia
539 1525 871 1573 collustrantes
901 1535 949 1572 et
979 1534 1336 1590 percursantes,
1370 1527 1640 1573 exterminii

209 1605 677 1654 consummationem
718 1604 978 1665 faciebant,
1018 1604 1138 1650 nihil
1178 1605 1368 1670 penitus
1399 1606 1638 1670 integrum

209 1684 548 1748 relinquentes,
569 1683 631 1732 ad
644 1683 777 1747 quod
796 1699 967 1731 manus
989 1683 1178 1731 mittere
1201 1683 1484 1748 potuissent.

694 1860 764 1906 CA
772 1858 1034 1904 PITULUM
1067 1859 1147 1903 lX.

270 1982 432 2028 Qualiter
447 1981 653 2018 Gandenses
671 1980 887 2016 obsederunt
901 1978 1078 2027 oppidum
1095 1978 1140 2014 de
1159 1978 1373 2014 Oudenaerde
1387 2006 1398 2024 ,
1418 1979 1481 2014 ubi
1498 1978 1577 2014 caesi

661 2042 838 2089 fugatique
853 2041 1004 2088 turpiter
1019 2040 1173 2076 fuerunt.

275 2169 397 2213 Cum
421 2182 538 2213 vero
563 2164 653 2230 ipsi
679 2162 959 2210 Gandenses
980 2179 1038 2209 ex
1066 2162 1258 2227 oppidis
1279 2162 1479 2222 vicinis,
1510 2160 1637 2207 mili-

212 2243 390 2292 taribus
422 2243 571 2308 copiis
599 2241 801 2300 refertis,
837 2241 1041 2305 graviter
1072 2249 1373 2304 urgerentur,
1408 2248 1455 2286 et
1487 2239 1637 2303 potis-

213 2322 328 2370 sime
366 2338 423 2368 ex
457 2319 641 2385 oppido
677 2317 963 2366 Oldenardae
985 2320 1013 2377 ¹,
1044 2317 1177 2382 quod
1205 2318 1295 2377 eis,
1333 2333 1395 2363 ne
1424 2333 1511 2381 per
1544 2316 1634 2362 flu-

214 2418 324 2449 men
337 2403 352 2426 ’
370 2417 427 2448 ex
443 2402 658 2446 Tornaco
677 2407 725 2445 et
741 2397 1066 2462 adjacentibus
1088 2396 1225 2443 terris
1244 2394 1409 2442 solatia
1432 2410 1636 2442 annonae

212 2489 584 2540 caeterarumque
621 2494 782 2536 rerum
821 2475 912 2523 sibi
955 2474 1330 2522 necessariarum
1368 2487 1634 2534 conseque-

213 2566 396 2615 rentur,
445 2554 582 2602 valde
623 2553 875 2614 obstabat,
908 2552 1011 2600 ausi
1058 2561 1170 2598 sunt
1204 2551 1363 2615 ipsum
1400 2547 1634 2613 oppidum

212 2634 429 2699 profecto
460 2642 640 2680 temere
674 2630 877 2678 nimium
917 2629 1156 2678 obsidere.
1199 2630 1318 2675 Ante
1352 2625 1486 2691 quod
1525 2640 1632 2671 cum

269 2810 308 2845 1.
339 2805 587 2846 Audenarde.

268 2869 308 2905 Ξ.
341 2869 539 2906 L'Escaut.

326 2947 341 2970 1
1376 2925 1424 2962 18
