2086 3528
529 346 606 384 208
914 346 1256 385 HISTORIARUM
1286 347 1467 384 CAROLI
1501 348 1571 384 VII

527 429 717 488 dentes,
743 427 945 475 neesibi
981 438 1093 474 tunc
1123 445 1236 475 cum
1266 445 1325 476 eo
1347 428 1577 493 congredi
1602 439 1760 477 tutum
1783 431 1949 480 existi-

527 517 711 555 mantes
725 542 737 565 ,
760 522 871 552 cum
892 516 1169 570 properaret
1190 523 1385 572 vespera
1402 544 1415 568 ,
1437 506 1530 554 alio
1554 507 1867 570 diverterunt,
1901 520 1951 559 et

526 588 702 651 Anglos
723 586 855 634 abire
878 586 1235 650 Rothomagum
1259 587 1595 652 permiserunt.

592 668 713 712 Cum
752 681 866 711 vero
899 664 1103 711 obsessis
1145 664 1241 727 jam
1277 680 1557 711 succursum
1593 665 1805 713 habendi
1840 683 1949 733 spes

525 741 772 800 deficeret,
798 751 845 789 et
867 741 1115 788 tormentis
1137 751 1278 804 atque
1301 742 1518 806 petrariis
1535 779 1547 802 ‚
1575 759 1832 808 rerumque
1862 761 1960 793 ne·-

523 820 834 867 cessariarum
856 819 1055 884 penuria
1078 828 1360 882 urgerentur
1377 856 1389 880 ,
1420 819 1539 866 arcis
1561 819 1611 867 in
1634 836 1731 884 qua
1756 820 1949 873 obside·

523 897 701 945 bantur
724 895 1017 943 deditionem
1052 895 1310 956 fecerunt¹,
1340 895 1500 960 sicque
1525 911 1553 942 a
1571 898 1759 945 Francis
1787 908 1946 947 totum

523 975 804 1022 Vernolium
826 983 1071 1039 receptum
1095 982 1181 1020 est.
1209 972 1429 1020 Obsessis
1455 973 1597 1020 etiam
1621 975 1678 1022 iis
1699 976 1783 1039 qui
1805 977 1949 1043 oppi-

523 1057 640 1104 dum
661 1055 903 1119 Fulgeriis‚
932 1055 992 1102 de
1012 1072 1108 1120 quo
1131 1054 1382 1102 retulimus
1397 1091 1409 1114 ‚
1428 1055 1478 1101 in
1498 1056 1757 1114 Britannia,
1778 1058 1943 1107 furtim

521 1135 800 1182 introierant
817 1170 828 1192 ,
856 1150 967 1180 cum
998 1132 1294 1180 defendendi
1321 1133 1445 1180 vires
1477 1145 1672 1199 spemve
1695 1151 1943 1186 succursus

521 1211 731 1259 habendi
754 1228 781 1259 a
815 1212 910 1258 suis
933 1211 1130 1257 minime
1152 1209 1386 1258 haberent
1402 1246 1414 1270 ,
1441 1210 1656 1258 similiter
1681 1211 1824 1267 etiam
1853 1214 1944 1280 ipsi

523 1289 817 1336 deditionem
841 1288 1095 1336 fecerunt².

590 1370 648 1413 Et
672 1367 771 1430 jam
806 1366 964 1431 palam
987 1376 1034 1413 et
1060 1366 1328 1427 manifeste,
1361 1367 1462 1414 sine
1497 1368 1660 1432 aliquo
1692 1369 1942 1420 velaminis

522 1443 851 1505 integumento
870 1477 882 1500 ‚
904 1444 1199 1488 Francorum
1221 1458 1302 1489 rex
1318 1478 1331 1503 ‚
1358 1442 1490 1506 prius
1514 1452 1700 1491 matura
1715 1443 1943 1494 delibera-

522 1519 653 1564 tione
675 1518 837 1566 habita
867 1535 1009 1584 super
1029 1518 1124 1565 hoc
1158 1535 1270 1565 cum
1298 1518 1458 1566 multis
1489 1520 1784 1585 principibus
1808 1523 1943 1588 regni

523 1592 597 1638 sui
629 1607 684 1638 ac
707 1592 871 1656 peritis
895 1592 1042 1639 divini
1066 1602 1112 1638 et
1133 1592 1335 1639 humani
1357 1592 1500 1656 juriS,
1529 1595 1576 1641 in
1604 1594 1765 1642 hostes
1785 1612 1898 1645 suos
1919 1633 1932 1656 ,

522 1678 751 1732 tanquam
786 1669 1036 1716 violatores
1071 1680 1371 1732 treugarum,
1409 1671 1519 1716 totis
1550 1670 1731 1719 viribus
1760 1671 1941 1720 bellum

522 1763 682 1811 gerere
708 1746 933 1794 decrevit.

974 1904 1314 1950 CAPITULUM
1348 1906 1470 1951 XVl.

743 2022 904 2067 Qualiter
920 2024 1048 2058 Franci
1063 2023 1430 2059 Pontem-Andomari
1446 2034 1704 2071 expugnarunt.

582 2122 771 2170 Talibus
806 2123 964 2187 itaque
988 2133 1217 2187 tanquam
1243 2122 1482 2187 praeludiis
1505 2122 1795 2186 quibusdam
1817 2140 1936 2190 prae-

517 2202 689 2250 habitis
705 2240 716 2262 ‚
744 2202 886 2250 nullis
903 2204 1003 2267 jam
1020 2201 1387 2268 prohibentibus
1410 2203 1583 2267 treugis
1599 2239 1610 2261 ‚
1630 2220 1735 2268 quae
1752 2241 1764 2264 ‚
1785 2203 1935 2252 modo

514 2296 658 2344 quem
687 2279 932 2327 retulimus
950 2314 963 2336 ,
989 2279 1135 2326 finem
1158 2289 1440 2345 acceperant
1455 2281 1484 2339 ³,
1507 2279 1669 2327 denuo
1693 2280 1754 2328 ad
1778 2291 1936 2330 certa-

514 2374 625 2405 men
646 2358 771 2404 inter
794 2360 1000 2405 Francos
1016 2367 1158 2422 atque
1177 2358 1394 2421 Anglicos
1418 2368 1699 2423 perventum
1724 2369 1810 2408 est.
1828 2363 1934 2408 Non

568 2491 607 2527 1.
639 2491 693 2527 Le
711 2490 762 2527 23
784 2488 876 2526 aofit
893 2490 1012 2525 1449.

566 2551 605 2588 2.
637 2551 688 2588 Ce
707 2557 1002 2587 recouvrement
1019 2551 1127 2587 n’eut
1143 2548 1221 2587 lieu
1240 2548 1331 2600 qu’a
1352 2549 1388 2587 la
1408 2550 1459 2587 fin
1480 2549 1529 2587 de
1553 2548 1705 2588 l’annee
1721 2552 1842 2598 1449,
1862 2563 1934 2604 par

511 2609 549 2648 la
564 2609 750 2663 diligence
767 2608 820 2647 du
835 2608 908 2646 duc
929 2609 976 2647 de
996 2611 1202 2661 Bretagne‚
1218 2609 1285 2660 qui
1306 2609 1376 2647 tint
1395 2609 1434 2648 la
1451 2609 1560 2661 place
1578 2609 1748 2663 assiegee
1762 2609 1933 2663 pendant

512 2667 615 2707 deux
635 2668 745 2707 mois.

567 2732 603 2767 3.
635 2729 796 2780 D'apres
831 2728 866 2766 le
894 2727 1049 2766 dernier
1070 2728 1207 2767 accord
1236 2730 1346 2780 passe
1369 2739 1476 2768 entre
1498 2731 1554 2768 les
1582 2730 1685 2769 deux
1710 2743 1929 2783 gouverne-

511 2796 661 2835 ments,
690 2788 727 2826 la
756 2788 862 2826 treve
888 2786 1018 2826 devait
1049 2788 1204 2840 expirer
1224 2787 1260 2826 le
1283 2791 1338 2826 1⁶r
1357 2788 1442 2837 juin
1470 2791 1587 2830 1449.
1621 2791 1808 2838 Cleander.
1826 2788 1926 2831 dans

510 2847 722 2898 Godefroy,
744 2861 785 2900 p,
810 2849 900 2885 128.
