2086 3528
695 353 842 389 LIBER
868 353 1112 399 QUARTUS.
1528 352 1600 388 241

191 433 333 482 locati
359 442 515 493 erant,
552 433 693 480 simul
715 444 760 480 et
796 434 1039 481 ministros
1063 434 1209 498 ipsius
1231 432 1508 480 bombardae
1537 434 1607 479 la-

191 509 438 559 cessebant
454 547 466 570 ,
491 520 539 558 et
562 510 742 557 nedum
770 510 927 558 verbis
944 547 956 569 ,
985 511 1068 558 sed
1091 511 1232 558 etiam
1265 509 1442 558 crebris
1472 510 1608 574 jacti-

191 586 281 634 bus
306 586 740 635 bombardellarum
765 598 812 634 et
834 587 935 635 aliis
959 587 1236 646 missilibus,
1263 605 1319 635 ex
1343 588 1456 653 ipsis
1483 605 1606 635 non·

193 663 349 712 nullos
386 664 628 712 interdum
662 664 734 711 vel
768 665 1116 714 interficiebant
1151 667 1225 713 vel
1271 665 1605 713 vulnerabant.

193 741 380 800 Quibus
403 758 571 788 eorum
602 742 786 806 injuriis
821 752 868 804 et
907 741 1335 806 inquietationibus
1369 743 1500 806 gravi
1541 744 1610 791 ira

193 819 696 885 atquelindignatione
729 829 976 884 permotus
1010 820 1156 885 ipsius
1190 819 1469 867 bombardae
1510 836 1611 867 ma-

194 897 352 960 gister,
381 895 735 943 stimulantibus
757 898 899 944 etiam
921 896 1382 960 Rothomagensibus
1408 898 1490 960 qui
1517 897 1611 944 illic

193 974 391 1022 aderant
408 1011 420 1035 ,
447 974 604 1038 ignem
632 973 693 1020 ad
718 974 988 1021 machinam
1012 983 1327 1039 praeparatum
1364 974 1607 1032 admovit3

193 1052 276 1115 qui
302 1052 432 1116 jactu
457 1068 544 1099 suo
580 1051 748 1098 turrim
777 1051 932 1110 illam,
959 1052 1006 1098 in
1032 1067 1127 1116 qua
1149 1050 1338 1098 stabant
1358 1050 1424 1098 illi
1444 1068 1613 1100 eorum

194 1128 557 1194 inquietatores,
584 1129 874 1194 percutiens,
902 1129 1029 1176 illam
1053 1128 1116 1176 ad
1141 1139 1313 1176 terram
1341 1138 1480 1192 atq—ue
1504 1147 1614 1176 con·

194 1212 518 1260 tumeliatores
553 1212 613 1259 ad
652 1212 827 1259 inferos
862 1212 1049 1276 dejecit.
1091 1215 1186 1259 Nec
1223 1229 1337 1258 vero
1368 1211 1444 1258 illa
1481 1223 1615 1276 petra

193 1291 466 1354 quiescens,
503 1289 586 1336 sed
615 1306 700 1353 per
730 1288 967 1354 oppidum
993 1289 1226 1337 remotius
1247 1288 1439 1347 volans,
1466 1289 1615 1337 multa

193 1366 364 1413 aedium
390 1376 515 1413 tecta
539 1365 736 1429 dejecit,
765 1366 940 1412 multos
961 1365 1164 1429 parietes
1190 1365 1415 1429 perfodit.

262 1443 345 1490 lllo
368 1443 527 1507 itaque
545 1443 750 1490 exterriti
769 1452 1011 1500 monstro,
1038 1443 1120 1506 qui
1135 1443 1262 1489 intus
1285 1452 1421 1490 erant
1445 1443 1614 1507 Anglo·

194 1539 301 1569 rum
333 1521 504 1577 duces,
543 1519 804 1587 prudenter
830 1519 1266 1566 animadvertentes
1300 1535 1442 1583 quam
1481 1520 1616 1568 facile
1650 1512 1653 1516 ¹

195 1598 451 1670 oppidum,
479 1598 587 1644 licet
607 1613 720 1644 sanc
742 1597 853 1643 satis
870 1595 1101 1643 industrie
1121 1613 1175 1643 ac
1197 1596 1446 1659 magnifice
1465 1596 1612 1658 vallo,

195 1674 464 1735 moenibus,
496 1673 705 1722 turribus
737 1682 784 1721 et
826 1674 1202 1738 propugnaculis
1233 1676 1612 1734 communitum,

194 1753 454 1818 expugnari
470 1752 718 1817 potuisset,
736 1751 775 1798 si
799 1767 828 1799 a
846 1751 1023 1798 caeteris
1041 1750 1274 1798 machinis
1297 1751 1474 1815 pariter
1494 1752 1617 1798 muri

193 1839 239 1877 et
256 1838 409 1877 turres
424 1828 727 1893 conquassati
747 1828 958 1886 fuissent,
981 1827 1196 1892 periculo
1217 1827 1410 1874 obviam
1428 1838 1614 1886 euntes,

193 1904 435 1966 inducias,
462 1917 514 1952 ut
553 1905 785 1964 diximus,
818 1904 1152 1968 requisierunt.
1199 1903 1500 1967 Urgebantur
1524 1915 1618 1952 ete-

195 1983 295 2029 nim
326 1983 471 2030 etiam
507 1981 728 2039 aliunde;
754 1996 866 2028 nam
891 1997 949 2027 ex
980 1989 1112 2045 parte
1147 1980 1421 2028 monasterii
1457 1982 1618 2028 Sancti

193 2059 443 2126 Stephani,
470 2059 554 2123 qui
576 2068 728 2106 castra
759 2057 828 2104 ibi
858 2057 1132 2105 locaverant
1157 2058 1371 2103 Britones
1398 2067 1442 2104 et
1468 2056 1618 2105 franci

193 2138 448 2202 sagittarii,
486 2137 550 2184 ita
583 2154 668 2202 per
698 2137 849 2184 fossos
893 2136 1140 2184 cuniculos
1178 2146 1226 2183 et
1254 2152 1422 2201 specus
1453 2137 1619 2184 subin-

194 2224 379 2263 traneas
404 2216 577 2262 moenia
594 2214 905 2276 suffoderant,
931 2224 984 2261 ut
1003 2214 1103 2279 jam
1125 2213 1244 2261 nihil
1267 2231 1401 2279 paene
1422 2224 1621 2263 restaret

194 2293 540 2359 impedimento
569 2293 828 2357 quominus
847 2292 906 2340 ad
933 2293 1190 2340 intrinseca
1214 2292 1379 2357 oppidi
1402 2303 1619 2357 penetra·

194 2381 315 2419 rent.
343 2374 490 2418 Erant
511 2371 640 2418 enirn
665 2371 756 2436 ipsi
777 2371 902 2418 intra
918 2371 1043 2417 muri
1065 2370 1349 2418 densitatem
1355 2371 1421 2431 jn
1452 2371 1619 2418 funda-

195 2448 366 2495 mentis
395 2447 646 2512 hospitati,
680 2448 745 2496 ita
768 2458 819 2495 ut
838 2448 938 2512 jam
962 2465 1074 2495 cum
1105 2448 1354 2505 intraneis,
1384 2464 1496 2494 cum
1519 2448 1620 2512 pri-

195 2541 327 2572 mum
345 2524 477 2572 factae
493 2525 682 2572 fuerunt
703 2525 906 2573 induciae
921 2563 932 2583 ‚
954 2525 1283 2590 loquerentur,
1310 2524 1619 2588 motioneque

197 2602 336 2649 unius
368 2601 539 2666 lapidis
571 2601 804 2649 foramine
836 2602 987 2660 facto,
1023 2601 1083 2649 ab
1118 2601 1194 2648 his
1227 2601 1309 2664 qui
1334 2600 1459 2646 intus
1485 2610 1619 2647 erant

196 2688 338 2744 potus
361 2678 527 2725 iisdem
551 2678 853 2743 praeberetur.
884 2679 1029 2742 Igitur
1051 2678 1196 2725 duces
1222 2677 1509 2741 Anglorum,
1538 2677 1621 2723 in-

198 2752 350 2801 duciis
374 2754 578 2818 acceptis
595 2789 607 2812 ,
634 2753 695 2801 de
718 2753 963 2802 deditione
984 2762 1278 2801 tractarunt:
1306 2768 1450 2816 quam
1479 2755 1621 2800 Fran-

198 2847 367 2878 corum
390 2848 471 2878 rex
495 2831 678 2896 accepit
694 2869 707 2892 ,
729 2848 958 2879 concessa
983 2831 1092 2878 duci
1118 2829 1430 2878 Summerseti
1461 2839 1504 2875 et
1525 2831 1621 2877 suis

305 2922 320 2946 x
1383 2906 1434 2944 ¹6
