2086 3528
535 370 612 408 182
816 344 820 347 ’
921 366 1262 411 ΗῙεΤοΜΑιωΜ
1276 367 1471 409 ,οΑιὶοιι
1497 369 1566 406 vn

533 452 750 517 equitum
788 452 1083 500 Francorum
1113 449 1337 503 cohortes
1374 451 1640 512 irruerunt,
1681 467 1785 500 sue>
1806 448 1945 501 saluti

532 546 633 577 non
663 528 798 576 aliter
826 543 965 592 posse
988 526 1240 581 consulere
1265 528 1612 587 existimantes,
1636 527 1832 578 hortum
1856 532 1944 579 Ee.—
1993 582 2000 591 ¹

532 607 755 673 prosariae
776 606 1080 665 Basileensis‚
1104 606 1284 671 exiguis
1297 607 1644 657 circumdatum
1665 608 1839 670 muris,
1868 609 1945 656 in—

533 685 677 748 gressi
700 693 826 743 sunt,
854 683 1053 734 ut'vallo
1067 683 1400 748 hujuscemodi
1425 695 1592 733 contra
1615 686 1829 749 equitum
1853 685 1943 733 im·

531 773 677 829 petus·
692 772 990 822 tutarentur;
1017 761 1101 809 sed
1122 777 1177 810 ea
1198 778 1273 810 res
1296 762 1357 811 ad
1380 762 1623 812 modicum
1645 772 1946 811 momentum

531 841 738 905 suffugio
761 840 828 889 eis
853 840 955 889 fuit.
985 840 1155 890 Diruto
1181 841 1358 888 etenim
1386 856 1553 902 muro,
1586 840 1752 888 validae
1778 850 1946 888 turma

532 920 748 984 equitum
771 929 915 984 atque
936 918 1155 985 peditum
1176 919 1371 967 eosdem
1386 920 1607 984 aggressi,
1624 936 1760 985 paene
1776 935 1945 971 omnes

533 997 847 1044 trucidarunt.
883 997 1028 1060 Cujus
1059 997 1316 1061 spectaculi
1344 1014 1393 1044 se
1431 997 1634 1057 Basilea,
1665 997 1841 1045 moenia
1861 1012 1947 1045 sna

532 1084 716 1134 tenens,
742 1074 945 1125 otiosam
964 1074 1166 1139 praebuit
1187 1075 1534 1140 spectatricem,
1552 1073 1680 1135 licet,
1701 1082 1755 1122 ut
1778 1074 1942 1136 fertur,

530 1168 620 1217 pro
643 1169 700 1200 ea
719 1152 945 1200 adversus
965 1155 1172 1200 Francos
1195 1152 1460 1200 munienda
1481 1152 1716 1200 venirent.
1736 1151 1948 1201 *Volebat

531 1228 683 1293 plebis
705 1229 983 1277 Basileensis
1014 1229 1273 1277 multitudo
1290 1266 1303 1291 ,
1334 1228 1477 1277 illam.
1494 1238 1801 1295 prospectans
1822 1229 1947 1294 cala·

530 1306 771 1366 mitatem,
808 1315 862 1352 ut
894 1306 1080 1366 ferunt,
1115 1307 1165 1353 in
1202 1323 1372 1353 eorum
1402 1305 1630 1354 auxilium
1667 1323 1944 1368 occurrere3

531 1385 616 1432 sed
641 1402 669 1432 a
690 1384 935 1432 nonnullis
959 1384 1194 1432 oculatius
1215 1386 1428 1450 pericula
1445 1385 1768 1446 imminentia,
1794 1386 1834 1431 si
1854 1384 1948 1433 hoc
1990 1443 1993 1446 Ι

530 1471 862 1522 attentassent,
888 1459 1327 1524 considerantibuS,
1350 1471 1533 1509 retenta
1557 1461 1644 1509 suit
1666 1471 1713 1509 et
1735 1478 1949 1527 repressa

529 1540 653 1586 illius
673 1540 841 1605 populi
864 1540 1138 1589 animositas
1161 1558 1172 1587 z
1203 1557 1307 1604 quae
1329 1557 1493 1588 revera
1516 1557 1615 1590 non
1638 1540 1767 1594 aliud
1786 1541 1949 1593 verisi-

477 1637 485 1641 ⁴
530 1617 704 1665 militer
725 1617 1014 1665 obtinuisset
1035 1619 1280 1682 popularis
1304 1635 1475 1666 manus
1499 1619 1692 1666 inermis
1718 1629 1765 1665 et
1787 1618 1950 1683 pedes·

532 1696 634 1755 tris,
668 1696 922 1759 quantavis
946 1694 1223 1758 multitudo,
1251 1707 1419 1744 contra
1444 1706 1625 1744 tantam
1655 1705 1950 1744 armatorum

530 1773 746 1837 equitum
771 1790 828 1821 ac
852 1773 1072 1838 peditum
1092 1789 1314 1835 manum,
1334 1775 1384 1821 in
1404 1773 1547 1822 rebus
1565 1773 1745 1822 bellicis
1769 1773 1950 1822 exerci-

530 1861 677 1899 tatam
702 1862 845 1916 atque
868 1861 1129 1912 assuetam,
1154 1869 1302 1918 quam
1322 1854 1724 1918 interemptorum
1754 1846 1949 1900 acervos

528 1930 774 1976 cumulare
817 1939 865 1976 et
909 1929 1145 1994 adaugere
1160 1967 1172 1990 ,
1218 1939 1450 1995 tanquam
1467 1946 1633 1996 pecus
1674 1929 1943 1978 occisionis.

527 2010 691 2071 Itaque
730 2006 908 2054 salubri
947 2006 1110 2072 quoad
1131 2005 1226 2055 hoc
1258 2007 1458 2056 consilio
1484 2023 1566 2055 eos
1594 2007 1948 2072 obtemperasse

529 2083 869 2130 existimamus.

593 2163 822 2227 Suscepta
843 2170 1005 2209 autem
1028 2161 1306 2225 hujusmodi
1327 2160 1481 2221 clade,
1508 2160 1750 2208 Suitenses
1773 2159 1945 2222 caeteri,

528 2255 586 2286 ex
608 2255 805 2287 suorum
821 2255 939 2287 nece
956 2239 1190 2297 deterriti,
1219 2239 1277 2287 ad
1303 2239 1498 2306 propria
1515 2253 1617 2285 sese
1639 2245 1944 2304 receperunt3

527 2320 819 2364 Francorum
841 2333 957 2365 vero
977 2317 1236 2365 multitudo
1251 2354 1263 2378 ,
1291 2334 1339 2365 se
1362 2333 1448 2383 per
1470 2327 1618 2364 terras
1640 2316 1742 2364 illas
1763 2317 1949 2366 Alzatioe

528 2397 744 2462 usquein
769 2397 887 2444 fines
912 2398 1326 2461 Argentinensium
1343 2399 1356 2424 ¹
1380 2396 1655 2459 effundens,
1684 2398 1847 2446 omnia
1861 2411 1950 2464 po-

528 2473 739 2538 pulabat.
773 2474 868 2531 Qui
890 2474 1058 2533 etiam,
1083 2490 1196 2521 cum
1212 2474 1346 2538 jussu
1369 2474 1503 2522 ducis
1531 2474 1723 2522 Austriae
1744 2476 1793 2522 in
1811 2473 1949 2542 plura

529 2551 708 2616 oppida
734 2560 781 2598 et
803 2551 995 2599 castella
1021 2552 1281 2599 intromissi
1308 2552 1505 2600 fuissent
1528 2569 1585 2601 ex
1616 2568 1852 2601 consensu
1881 2552 1948 2601 ci·

527 2629 659 2676 vium
697 2628 947 2691 locorum,
988 2629 1161 2676 accolis
1195 2629 1319 2676 illius
1349 2630 1538 2695 patriae,
1577 2629 1781 2695 qualiter
1812 2647 1861 2679 se
1896 2631 1946 2679 ln

528 2707 725 2755 Francia
760 2722 898 2772 agere
937 2707 1210 2772 quibusque
1245 2708 1478 2755 exercitiis
1522 2708 1686 2758 ludere
1721 2709 1946 2759 assuevis-

581 2863 621 2902 1.
657 2879 674 2896 α
696 2864 842 2916 Jusque
863 2862 960 2904 dans
975 2862 1149 2903 l'eveche'
1167 2863 1216 2903 de
1235 2864 1480 2918 strasbourg.
1507 2882 1525 2901 n
