2086 3528
703 357 847 395 LIBER
873 356 1079 394 TERTIUS
1084 384 1093 394 .
1534 357 1551 392 1
1559 355 1582 390 2
1588 356 1611 391 3

658 542 999 590 CAPITULUM
1035 543 1135 588 Vll.

193 669 321 750 Qube
344 670 504 712 foi-umus
529 668 615 710 urbs
633 670 853 711 Parisiorum
869 670 1005 711 invenit
1019 682 1100 711 oum
1116 668 1164 705 ad
1176 669 1396 709 Francorum
1412 668 1610 710 dominium

145 741 151 750 “
443 730 662 776 revertisset,
680 740 713 766 et
730 731 776 767 de
791 730 1054 774 crudelitatibus
1070 730 1358 769 Scorticatorum.

256 853 355 902 Tali
375 854 518 919 igitur
540 854 711 916 modo,
730 855 810 903 diu
835 871 864 903 a
879 858 1172 904 Francorum
1195 852 1398 905 ducibus
1421 862 1469 900 et
1489 852 1612 901 mili-

194 931 373 981 taribus
396 942 566 981 vexata
588 943 636 980 et
660 934 832 998 agitata
852 934 995 982 variis
1015 929 1338 981 incommodis
1359 940 1405 978 et
1424 930 1613 978 damnis

195 1009 368 1058 afflicta
383 1047 396 1071 ,
424 1009 539 1058 urbs
561 1010 641 1059 illa
665 1012 794 1075 regia
816 1011 1105 1058 Parisiorum
1128 1008 1322 1057 tandem
1346 1009 1395 1061 in
1420 1018 1619 1056 venato->

193 1105 301 1135 rum
309 1089 506 1152 laqueos
517 1098 563 1136 et
575 1100 823 1155 capturam
839 1089 1022 1137 incidit.
1036 1092 1142 1147 Qua
1157 1105 1269 1136 cum
1281 1087 1418 1154 potiti
1436 1097 1622 1149 essent,-

194 1164 431 1214 rationem
448 1166 769 1232 particulatim
789 1183 900 1214 cum
930 1165 1146 1232 pluribus
1167 1165 1353 1212 civibus
1379 1166 1489 1212 satis
1509 1165 1614 1212 stri-

195 1251 319 1290 ctam
341 1254 606 1309 posuerunt
621 1281 634 1303 ,
658 1246 740 1310 qui
758 1245 967 1311 partium
997 1242 1394 1308 Burgundionum
1422 1243 1498 1291 vel
1522 1246 1616 1290 An-

195 1320 383 1383 glorum
415 1323 755 1388 pertinaciores
798 1323 987 1370 fuerant
1024 1331 1281 1370 sectatores
1298 1357 1310 1381 ‚
1353 1337 1436 1368 seu
1472 1320 1615 1367 etiam

196 1415 369 1446 eorum
404 1399 649 1459 officiarii,
683 1410 731 1449 et
752 1401 958 1448 maxime
979 1400 1063 1466 qui
1086 1399 1399 1469 pecuniarum
1423 1397 1617 1445 fuissent

196 1487 470 1543 quaestores.
498 1481 565 1535 Et,
578 1479 639 1526 ad
662 1479 772 1527 talia
800 1477 1094 1542 exquirenda
1118 1477 1228 1524 satis
1261 1475 1465 1526 multum
1494 1486 1617 1523 tem-

196 1555 327 1621 poris
349 1565 396 1604 et
413 1573 557 1622 super
575 1557 683 1604 satis
701 1567 1042 1622 consumptum
1064 1564 1158 1615 est,
1180 1553 1360 1619 absque
1375 1553 1470 1600 hoc
1486 1553 1614 1621 quod

195 1635 487 1681 Francorum
501 1633 667 1681 militia
686 1633 928 1698 ducesque
944 1633 1005 1680 ad
1020 1631 1348 1698 recuperanda
1367 1640 1497 1678 certa
1511 1630 1619 1678 loca

183 1727 300 1776 -quae
324 1711 504 1775 Anglici
526 1711 685 1759 adhuc
705 1710 1009 1779 occupabant
1038 1709 1273 1757 ullatenus
1296 1707 1614 1756 intenderent.

195 1787 438 1836 Tenebant
463 1789 700 1861 siquidem
726 1789 862 1854 Angli
884 1788 1043 1836 adhuc
1075 1803 1220 1854 supra
1241 1789 1502 1834 Maternam
1524 1785 1619 1832 flu-

197 1867 329 1914 vium
369 1867 608 1915 civitatem
640 1866 963 1927 Mefflensem,
1004 1881 1148 1938 supra
1195 1868 1371 1913 Isaram
1410 1874 1619 1911 castrum

199 1943 380 1991 dictum
391 1944 689 1992 Credulium¹
701 1960 876 2010 ‚supra
886 1947 1174 2009 Sequanam,
1188 1959 1394 2003 sursum
1415 1950 1621 1989 castrum

198 2021 493 2070 Monsterolii
526 2022 588 2069 ad
617 2022 916 2070 confluentes
939 2024 1211 2087 Sequanam
1233 2030 1280 2067 et
1301 2023 1514 2078 Yonam,
1548 2020 1620 2066 in·
1691 2023 1693 2025 ’

199 2098 341 2148 ferius
362 2116 502 2160 vero,
525 2100 651 2148 circa
673 2101 1043 2162 Normanniam,
1073 2099 1350 2147 Meduntam
1367 2101 1382 2123 ²
1398 2134 1410 2158 ,
1437 2100 1620 2146 Verno-

200 2194 314 2226 nem
351 2188 398 2226 et
433 2188 600 2227 caetera
628 2179 735 2226 loca
764 2196 915 2244 usque
949 2178 1011 2226 ad
1041 2177 1365 2238 Hareflutum3
1393 2175 1623 2224 tenebant

204 2267 250 2306 et
272 2273 414 2322 supra
435 2257 615 2306 flumen
638 2255 771 2321 quod
797 2258 939 2321 vulgo
966 2258 1115 2322 Loz'ng
1139 2265 1445 2322 nuncupatur
1484 2254 1621 2321 oppi-

205 2334 322 2381 dum
340 2351 451 2382 cum
472 2351 576 2382 arce
597 2335 940 2398 Montis-Argi³,
963 2333 1287 2381 firmissimum
1306 2342 1449 2397 atque
1471 2332 1626 2379 muni-

207 2410 440 2459 tissimum
463 2411 642 2460 locum.
671 2415 724 2459 In
749 2411 922 2476 quibus
948 2412 1065 2459 locis
1100 2428 1210 2459 cum
1244 2426 1418 2474 magna
1447 2410 1625 2474 ubique

208 2488 426 2555 praesidia
459 2491 593 2556 Angli
627 2490 940 2551 locavissent,
984 2489 1333 2556 impediebatur
1372 2489 1625 2536 fluminum

209 2567 469 2630 navigati0‚
497 2585 607 2616 cum
625 2585 720 2634 qua
743 2567 803 2616 ad
824 2569 1004 2617 victum
1029 2578 1077 2616 et
1106 2567 1383 2617 alimoniam
1408 2566 1532 2614 illius
1555 2581 1627 2612 re-

268 2751 284 2788 1
297 2779 306 2788 .
337 2749 451 2788 Creil.

268 2810 308 2849 2.
339 2811 498 2847 Mantes.

272 2870 308 2907 3.
340 2870 395 2906 La
412 2868 504 2907 ville
522 2876 560 2906 et
576 2867 614 2907 le
632 2868 793 2908 chateau
811 2868 859 2908 de
878 2868 1100 2921 Montargis.
