2086 3528
1971 0 2086 252 ‘l

573 374 650 414 162
957 368 1296 417 fflsromARUM
1323 368 1504 415 emoti
1531 368 1600 405 v11

573 453 772 503 Juvabat
795 461 841 498 et
866 450 1004 497 silvas
1037 450 1215 510 videre,
1241 461 1288 498 et
1311 467 1472 514 agros,
1499 450 1609 497 licet
1636 449 1815 513 ubique
1848 465 1982 516 paene

573 530 841 595 squalentes
866 538 913 575 et
942 527 1183 588 desertos,
1212 528 1410 574 virentia
1441 538 1599 593 prata,
1628 527 1877 591 fontesque
1912 537 1982 575 at·

572 626 666 674 que
699 622 888 667 amnes,
933 615 980 652 et
1013 621 1245 670 aquarum
1278 604 1456 651 rivulos
1489 605 1689 662 intueri3
1723 603 1784 651 de
1811 604 1984 669 quibus

572 684 768 751 quidem
807 700 835 731 a
878 683 1037 730 multis
1056 721 1067 743 ‚
1117 682 1200 747 qui
1246 681 1438 730 urbium
1484 682 1685 731 claustra
1734 700 1983 749 nunquam

572 764 807 823 exierant,
854 761 980 809 fama
1021 760 1268 808 dumtaxat
1287 797 1299 820 ,
1345 761 1669 825 experimento
1702 778 1818 809 vero
1854 760 1984 809 nulla

573 841 742 889 notitia
763 839 1045 888 habebatur.

638 921 798 964 Unum
831 931 946 963 vero
981 914 1120 969 valde
1152 912 1489 969 admirandum
1523 924 1571 962 et
1602 915 1734 979 quod
1767 914 1983 962 divinum

572 1011 693 1059 opus
717 994 818 1040 fore
840 992 1177 1056 ambigendum
1205 991 1401 1038 minime
1430 1001 1553 1052 erat,
1577 1002 1765 1057 poterat
1786 1002 1890 1039 tum
1914 993 1984 1039 vi·

572 1072 689 1126 deri.
727 1074 846 1125 Nam
879 1088 1020 1131 cum,
1048 1079 1158 1123 ante
1188 1079 1398 1134 treugas2
1428 1069 1550 1127 inter
1574 1070 1818 1135 utriusque
1838 1070 1985 1136 partis

572 1157 779 1195 armatos
823 1157 965 1211 atque
1003 1146 1207 1212 populos
1245 1154 1373 1191 tanta
1410 1143 1633 1192 odiorum
1675 1145 1907 1194 acerbitas
1939 1157 1987 1195 et

573 1225 754 1279 saevitiae
782 1225 1008 1272 atrocitas
1040 1224 1236 1276 fuissent
1257 1222 1613 1287 diutissimeque
1635 1221 1910 1284 durassent,
1933 1234 1987 1271 ut

572 1301 691 1350 nulli
715 1300 840 1349 sine1¹
862 1301 968 1352 vitae
989 1318 1083 1350 suae
1107 1298 1338 1368 periculo,
1364 1304 1462 1353 sivo
1485 1301 1639 1360 militi,
1659 1299 1756 1347 sive
1777 1299 1984 1365 plebeio,

573 1393 662 1425 nec
685 1376 828 1426 etiam
850 1376 939 1425 sub
968 1378 1138 1441 quovis
1157 1379 1288 1433 salvo
1307 1378 1552 1427 conductu
1570 1392 1813 1442 quoquam
1835 1385 1989 1424 trans-2

573 1457 642 1506 ire
671 1455 891 1516 licuisset,
918 1456 1076 1507 statim
1103 1457 1352 1521 publicatis
1371 1457 1565 1521 treugis,
1592 1455 1852 1520 unicuique
1874 1470 1992 1520 quo-

574 1550 781 1596 cumque
815 1550 864 1582 se
896 1524 1284 1582 velletconferre
1302 1572 1314 1596 ,
1354 1536 1452 1583 sive
1490 1535 1539 1582 in
1574 1532 1768 1594 eadem,
1804 1532 1902 1580 sive
1938 1532 1990 1580 in

574 1611 758 1665 diversa
777 1609 1071 1673 obedientia,
1090 1613 1292 1660 transire
1305 1623 1447 1678 atque
1464 1610 1755 1677 peregrinari
1770 1626 1990 1659 securum

574 1697 621 1741 et
642 1686 848 1737 liberum
871 1687 976 1735 fuit.
996 1691 1050 1734 In
1074 1687 1148 1735 his
1169 1689 1404 1753 siquidem
1426 1700 1600 1752 treugae
1614 1687 1820 1735 exordiis
1833 1725 1847 1750 ‚
1867 1686 1991 1736 adeo

575 1773 858 1818 cunctorum
893 1764 1106 1822 animm,
1133 1766 1276 1813 etiam
1304 1767 1386 1831 qui
1418 1765 1648 1831 proximis
1676 1773 1786 1812 ante
1817 1773 1994 1829 trougoe

576 1842 743 1897 diebus
786 1842 1218 1907 promulgationem
1258 1844 1308 1891 in
1342 1844 1534 1891 efferata
1570 1841 1773 1899 humani
1810 1843 1994 1895 cruoris

576 1921 807 1973 effusione
826 1921 1073 1972 dumtaxat
1093 1922 1300 1984 gaudere
1319 1922 1623 1981 videbantur,
1648 1919 1867 1986 quaedam
1885 1920 1991 1975 duh

576 1998 756 2046 cedinis
788 1999 917 2063 pacis
951 1999 1177 2047 delibatio
1216 1999 1507 2061 delectabat,
1547 2009 1621 2058 ut,
1667 2015 1762 2046 suae
1798 1997 1992 2052 feritatis

578 2085 718 2139 atque
747 2076 1038 2129 crudelitatis
1072 2076 1234 2138 obliti,
1263 2094 1374 2127 cum
1404 2077 1623 2125 hostibus
1646 2076 1822 2142 passim
1857 2092 1993 2140 aeque

576 2153 810 2212 cruentis,
840 2153 941 2207 dies
966 2152 1129 2211 festOS‚
1155 2154 1374 2207 convivia
1403 2164 1451 2202 et
1479 2153 1654 2205 choros
1681 2169 1793 2204 cum
1812 2153 1993 2218 ingenti

576 2229 733 2280 laetitia
765 2230 993 2281 ducerent
1026 2241 1168 2296 atque
1201 2232 1511 2291 celebrarent.
1541 2236 1599 2282 Et
1634 2232 1829 2297 quidem
1857 2247 1992 2298 paeue

577 2323 663 2371 per
693 2323 874 2361 annum
912 2308 1003 2355 hac
1037 2319 1179 2373 atque
1215 2310 1321 2359 illac
1349 2311 1512 2359 omnia
1545 2311 1595 2365 in
1625 2310 1758 2360 hunc
1790 2308 1992 2361 modum

576 2384 876 2449 quieverunt.

632 2528 670 2565 1.
693 2529 798 2565 Dans
818 2526 854 2565 le
876 2529 1083 2573 manuscrit
1100 2539 1142 2567 ut
1160 2533 1257 2573 nulli
1274 2530 1340 2569 sub
1363 2532 1458 2578 vim,
1480 2538 1553 2568 etc.

2058 323 2086 370 „j
