2086 3528
50 196 94 1026 .<4÷71Qse÷÷sc.‹½ffl÷fxsswsfesst{ssfffhu-.<-·,·-—·f-1,
38 70 43 74 ’

60 1654 98 1702 vs
75 1596 77 1598 .
67 1549 69 1557 -
75 1493 83 1515 .,
39 1260 81 1449 «τὲ-Α-’ντὲἕ-’ῖ-

737 340 884 383 LIBER
914 339 1133 387 TERTIUS·
1566 340 1639 388 181

709 530 1057 578 CAPITULUM
1089 533 1148 577 X.

310 658 364 700 De
386 666 540 713 quatuor
563 656 776 692 exercitibus
792 657 838 692 ab
857 656 985 705 Anglia
1003 656 1131 697 eodem
1148 665 1308 706 tempore
1329 656 1375 698 ad
1399 656 1553 694 diversas

758 730 961 764 provincias
982 730 1106 752 mlss1s.

283 803 464 887 Eadem
486 839 767 896 tempestate
802 806 850 878 et
875 830 1057 883 eisdem
1091 848 1228 897 paene
1259 831 1451 891 die-bus,
1481 833 1646 897 Angli,

181 963 187 969 ‚
217 919 389 977 praeter
408 909 539 958 illam
564 909 908 958 Flandrensem
930 910 1065 958 ducis
1089 910 1363 958 Glocestriae
1380 949 1392 970 ,
1420 922 1515 959 tres
1537 912 1652 961 alias

217 987 549 1055 expeditiones
566 987 785 1037 fecerunt
802 1006 813 1035 ε
835 1005 982 1037 unam
1003 989 1053 1037 in
1070 989 1267 1055 propria
1281 998 1405 1037 terra
1423 990 1653 1038 adversus

219 1069 389 1122 scotos
410 1067 519 1132 qui,
551 1083 665 1119 cum
687 1066 869 1115 Jacobo
885 1069 914 1126 ¹,
945 1083 1056 1131 rege
1081 1084 1195 1127 su0,
1222 1077 1337 1116 tunc
1359 1085 1386 1115 e
1408 1068 1568 1116 Scotia
1591 1069 1654 1117 ad

220 1145 428 1201 ducenta
462 1144 610 1193 millia
633 1144 893 1193 hominum
930 1154 977 1192 et
1014 1143 1251 1213 amplius,
1277 1155 1332 1194 ut
1368 1145 1496 1195 fama
1519 1157 1620 1196 erat
1639 1186 1651 1209 ,

221 1233 548 1290 erumpentes,
569 1224 702 1289 regni
724 1223 984 1288 Anglorum
1006 1223 1126 1272 fines
1145 1225 1434 1273 invaserant.
1460 1225 1553 1273 Sed
1569 1243 1656 1274 co·-

221 1320 325 1353 mes
345 1302 407 1351 de
432 1302 873 1351 Nortlzumberland
893 1320 1007 1352 cum
1042 1302 1289 1351 nonnullis
1316 1303 1419 1351 aliis
1450 1305 1658 1368 regionis

224 1381 352 1435 illius
388 1380 657 1439 nobilibus,
699 1381 899 1444 collecta
932 1398 991 1429 ex
1022 1382 1145 1446 agris
1177 1391 1231 1429 et
1262 1382 1430 1429 vicinis
1459 1383 1657 1448 ¹oppidis

224 1459 395 1527 populi
431 1460 738 1509 multitudine
756 1497 768 1521 ,
809 1459 946 1508 facile
983 1470 1030 1508 et
1063 1460 1167 1507 sine
1199 1460 1416 1525 periculo
1455 1463 1659 1509 conatus

223 1539 560 1605 hujuscemodi
577 1539 896 1587 multitudinis
915 1540 1171 1586 Scotorum
1188 1540 1440 1604 repressit,
1467 1540 1529 1587 ad
1544 1558 1657 1605 pro-

225 1620 426 1686 priaque
451 1618 666 1683 refugere
689 1617 941 1683 compulit.

292 1696 447 1746 Aliam
491 1695 848 1762 expeditionem
891 1696 942 1743 in
982 1693 1327 1742 Normanniam
1362 1693 1497 1742 duxit
1543 1705 1660 1743 tune

226 1792 340 1825 cum
365 1791 539 1840 magna
560 1774 709 1823 classe
740 1791 796 1823 ac
821 1773 1026 1822 militum
1048 1772 1380 1835 multitudine,
1407 1773 1469 1821 ad
1491 1773 1659 1822 decem

228 1852 377 1902 millia
400 1842 616 1900 virorum
639 1851 719 1900 vel
736 1851 941 1921 amplius
958 1888 970 1911 ,
997 1851 1094 1898 dux
1116 1850 1379 1912 Eboraci23
1403 1852 1514 1916 qui,
1546 1869 1659 1900 cum

227 1931 290 1982 ad
302 1930 465 1979 littora
487 1930 808 1979 Caletensium
821 1929 1082 1995 appulisset
1098 1967 1110 1990 ,
1135 1929 1441 1995 Fisoampum
1465 1947 1660 1979 monas-

229 2010 430 2058 terium³
447 2009 632 2073 insigne
655 2008 869 2068 obsedit,
896 2007 1032 2073 quod
1059 2024 1159 2055 non
1183 2023 1334 2074 parvo
1367 2008 1534 2056 labore
1570 2027 1661 2057 nec

230 2088 333 2135 sine
350 2103 528 2152 magno
547 2088 621 2134 sui
643 2087 876 2135 exercitus
892 2086 1073 2155 damno
1090 2086 1356 2150 acquisivit.
1378 2090 1498 2135 Nam
1515 2105 1662 2153 prop-

233 2174 306 2212 ter
326 2165 644 2213 vastationem
666 2164 792 2212 illius
816 2164 1009 2229 patriae,
1035 2180 1182 2230 quam
1211 2180 1354 2228 supra
1378 2164 1628 2213 retulimus
1646 2204 1657 2226 ‚

231 2242 428 2308 plurimi
450 2242 586 2290 famis
608 2241 769 2289 inedia
785 2281 798 2304 ‚
822 2241 932 2290 tabe
954 2252 1098 2306 atque
1116 2241 1396 2307 pestilentiae
1423 2245 1519 2291 telo
1548 2261 1662 2292 con-

233 2321 412 2386 sumpti
433 2330 542 2369 sunt
564 2321 614 2368 in
637 2322 800 2368 castris
826 2321 940 2368 suis.
962 2324 1019 2368 Et
1036 2319 1352 2368 nihilominus
1367 2358 1378 2380 ‚
1405 2333 1661 2388 postquam

223 2400 398 2447 *locum
420 2399 552 2447 illum
579 2400 628 2447 in
653 2399 951 2447 deditionem
988 2409 1261 2464 receperat,
1302 2401 1467 2466 paucis
1498 2411 1663 2466 postea

234 2478 446 2526 decursis
464 2477 635 2526 diebus
652 2516 663 2538 ‚
688 2495 776 2544 per
797 2477 1059 2543 quamdam
1080 2478 1443 2526 subterraneam
1467 2496 1662 2546 specum

238 2556 415 2621 Anglos
445 2555 641 2620 quidem
679 2557 931 2617 latentem,
966 2556 1050 2604 sed
1086 2556 1162 2604 his
1197 2558 1389 2609 Francis
1434 2559 1517 2623 qui
1553 2558 1666 2606 inde

292 2695 310 2732 1
324 2723 332 2731 .
364 2695 528 2745 Jacques
549 2696 612 2732 10¹².

295 2755 336 2792 2.
366 2756 421 2792 Le
439 2752 515 2791 duc
535 2751 680 2792 d'York
694 2784 704 2801 ,
734 2754 928 2807 Richard²
950 2753 1073 2804 choisi
1093 2753 1255 2794 d'abord
1276 2767 1378 2806 pour
1398 2754 1613 2807 remplacer
1631 2755 1668 2795 le

243 2814 321 2854 duc
336 2814 385 2853 de
403 2814 588 2856 Bethford
607 2815 701 2854 dans
719 2815 757 2854 le
774 2823 1080 2869 gouvernement
1095 2815 1144 2855 de
1160 2815 1196 2854 la
1215 2816 1376 2854 France.

298 2877 335 2913 3.
368 2873 563 2926 L’abbaye
586 2874 635 2914 de
651 2875 831 2927 Fecamp.
