2086 3528
752 348 897 384 LIBER
926 346 1171 394 QUARTth.
1600 348 1671 385 201

257 421 380 478 dites
402 445 563 478 arcem
584 427 970 491 munitissimam,
995 446 1101 495 quae
1118 430 1167 476 in
1180 439 1392 478 extremo
1413 430 1591 493 pontis,
1617 429 1679 478 ad

259 507 406 571 ipsius
429 506 699 555 custodiam
713 508 829 577 sita,⁴
852 508 1227 572 circumquaque
1243 508 1447 571 cingitur
1461 508 1680 572 Sequana

260 584 485 646 flumine,
507 600 682 648 magna
702 583 944 633 celeritate
967 596 1280 651 occuparunt.
1302 586 1387 632 Cui
1405 601 1516 632 cum
1540 602 1681 651 expu-

259 661 461 726 gnandae
478 678 588 727 pars
609 661 931 720 incumberet,
953 662 1032 710 alii
1052 662 1364 710 nihilominus
1381 679 1467 728 per
1483 673 1681 728 pontem

261 739 323 794 ad
345 739 598 806 oppidum,
621 740 684 787 ad
701 741 897 796 alteram
917 741 1126 789 fluminis
1146 742 1301 807 ripam
1322 742 1483 802 situm,
1506 758 1680 806 magno

257 833 373 867 cum
395 818 579 883 impetu
603 829 928 866 accurrerunt.

326 898 438 944 Erat
469 906 572 943 tum
607 896 655 943 in
695 897 800 962 ipso
837 897 1018 963 oppido
1050 914 1211 945 comes
1246 897 1306 944 de
1341 897 1677 964 Fallsenberg¹‚

256 971 357 1025 dux
385 982 527 1021 certae
548 974 726 1021 militiae
754 974 1042 1038 Anglicanae,
1069 975 1152 1039 qui
1173 974 1235 1021 ad
1257 974 1516 1022 clamorem
1538 986 1586 1023 et
1609 986 1682 1023 tu-

256 1050 464 1099 multum
479 1088 492 1111 ‚
516 1053 599 1116 qui
617 1052 680 1100 ad
697 1062 888 1118 portam
910 1053 1077 1119 oppidi
1100 1063 1147 1101 et
1165 1054 1213 1099 in
1232 1054 1352 1101 arcis
1361 1055 1524 1119 pontis
1539 1070 1682 1118 expu-

257 1130 487 1192 gnatione
522 1129 730 1190 fiebant,
770 1131 987 1178 concitus
1014 1130 1076 1178 ad
1109 1131 1260 1196 ipsam
1295 1130 1462 1196 oppidi
1494 1141 1682 1197 portam

259 1206 573 1254 muniendam
597 1206 1046 1273 desendendamque
1071 1208 1286 1268 advenit;
1320 1209 1403 1255 sed
1421 1246 1433 1268 ‚
1458 1208 1569 1256 licet
1597 1208 1682 1257 ali-

257 1282 476 1345 quandiu
496 1283 783 1331 nonnullam
808 1284 992 1332 fecisset
1003 1285 1318 1333 resistentiam
1335 1322 1347 1344 ,
1368 1284 1502 1332 brevi
1520 1295 1682 1333 tamen

260 1369 400 1424 porta
421 1371 692 1425 expugnata
708 1399 720 1421 ‚
750 1362 798 1407 in
825 1361 1037 1409 hostium
1059 1373 1344 1428 potestatem
1368 1363 1599 1429 pervenit.
1629 1366 1685 1409 Et

256 1448 429 1504 captus
451 1440 648 1504 quidem
671 1441 801 1488 idem
824 1458 989 1489 comes
1014 1442 1100 1489 suit
1122 1459 1150 1489 a
1173 1442 1386 1507 quodam
1409 1442 1650 1505 sagittario
1666 1476 1680 1502 ‚

261 1516 451 1581 plebeio
477 1519 606 1581 viro,
634 1520 736 1579 cui,
765 1537 877 1566 cum
902 1519 1048 1567 fidem
1070 1522 1207 1579 dare,
1231 1537 1290 1567 eo
1307 1519 1439 1585 quod
1462 1519 1684 1582 ignobilis

258 1604 408 1658 esset,
434 1595 612 1643 diutius
645 1596 959 1657 detrectaret,
989 1604 1123 1663 paene
1146 1598 1315 1645 mortis
1342 1598 1540 1645 incurrit
1564 1598 1686 1662 peri-

260 1671 441 1720 culum.
469 1673 613 1732 Quod
634 1691 747 1722 cum
776 1675 890 1722 alias
913 1675 1120 1740 effugere
1144 1676 1342 1723 minime
1365 1685 1552 1741 posset,
1578 1677 1685 1723 vitae

261 1767 358 1798 suae
379 1751 653 1813 consulens,
683 1752 841 1801 eidem
867 1770 917 1802 se
940 1755 1182 1819 captivum
1206 1754 1356 1801 dedit.
1383 1757 1499 1801 Arce
1523 1754 1684 1818 itaque

262 1829 423 1893 pontis
439 1867 452 1891 ,
480 1840 623 1895 atque
646 1831 832 1896 oppido
858 1841 906 1879 et
933 1842 1080 1896 ponte
1102 1833 1249 1897 ipsius
1271 1832 1386 1895 loci,
1422 1833 1506 1897 qui
1527 1848 1556 1880 a
1591 1835 1685 1879 Ro-

264 1906 494 1972 thomago
524 1919 734 1974 quatuor
764 1910 914 1957 leucis
947 1910 1189 1974 gallicanis
1218 1910 1388 1972 distat,
1414 1911 1512 1958 hoc
1535 1909 1684 1958 modo

263 1986 430 2034 Franci
445 1987 585 2052 potiti
605 1998 718 2035 sunt
740 1988 875 2036 initio
900 1990 1077 2037 mensis
1094 1990 1204 2037 maii
1217 1993 1247 2050 ²,
1261 2006 1390 2038 anno
1404 2007 1681 2038 Mccccxmx.

725 2178 1069 2226 CAPITULUM
1101 2180 1224 2225 XIV.

286 2296 387 2341 Quid
400 2299 509 2346 egerit
521 2298 595 2335 dux
611 2300 836 2337 Summerseti
846 2330 854 2345 ‚
875 2302 1042 2338 exsistens
1057 2302 1293 2351 Rothomagi‚
1312 2302 1432 2339 audita
1446 2311 1479 2338 et
1497 2312 1663 2351 percepta

644 2364 807 2409 captione
822 2362 1094 2399 Pontis-Archa,
1111 2376 1132 2399 a
1148 2364 1303 2400 Francis.

330 2480 475 2543 Cujus
490 2480 772 2544 perditionis
797 2499 909 2529 cum
928 2482 989 2531 ab
1005 2484 1080 2531 his
1099 2484 1182 2549 qui
1199 2484 1310 2531 inde
1335 2483 1686 2546 Rothomagum

264 2552 597 2616 aufugiebant,
626 2555 752 2602 illico
781 2558 1021 2605 nuntiatio
1056 2558 1118 2606 ad
1143 2558 1317 2606 ducem
1346 2558 1684 2617 summerseti,

265 2637 502 2675 rectorem
526 2630 812 2693 provinciae,
838 2633 1132 2697 pervenisset
1171 2635 1310 2698 (nam
1347 2643 1455 2680 ante
1480 2632 1685 2679 duarum

321 2781 339 2817 1
351 2810 361 2820 .
391 2781 561 2820 William
580 2783 722 2832 Nevill,
737 2783 824 2823 lord
843 2785 1138 2840 Falconbridge‚
1153 2787 1240 2839 plus
1261 2787 1344 2825 tard
1364 2794 1489 2826 comte
1505 2786 1554 2824 de
1567 2789 1683 2827 Kent.

319 2849 356 2887 2.
386 2850 439 2887 Le
460 2851 510 2887 15
534 2850 623 2889 mai.
