2086 3528
690 365 837 402 LIBER
860 364 1134 404 SECUNDUS.
1583 368 1634 404 93

209 449 437 513 tharingis
463 464 608 514 quam
635 465 691 496 ex
710 447 981 495 Alemannis
1003 457 1050 494 et
1071 448 1279 495 Francis.
1306 446 1485 496 Cecidit
1510 449 1635 496 inter

209 537 400 577 caeteros
422 525 596 574 nobilis
617 525 696 573 ille
725 526 860 572 miles
886 524 1115 572 dominus
1137 524 1194 573 de
1215 525 1464 573 Barbasan
1482 562 1495 585 ‚
1521 527 1632 590 qui,

209 622 271 654 ne
295 622 352 663 ex
376 620 554 670 pavore
581 603 837 662 consilium
865 602 1037 651 dixisse
1063 612 1329 668 putaretur,
1355 603 1502 670 pedes
1524 621 1636 652 cum

142 694 144 696 ’
209 683 306 732 suis
327 683 391 732 ad
409 697 620 747 pugnam
634 718 646 742 ,
677 681 851 728 relictis
873 681 1024 744 equis,
1046 681 1373 730 descenderat.
1402 685 1498 730 Rex
1520 700 1636 731 vero

211 763 418 809 Renatus
445 768 612 824 captus
644 759 754 818 fuit,
791 769 935 824 atque
967 760 1109 807 etiam
1145 777 1256 808 cum
1296 778 1354 809 eo
1384 764 1637 827 episcopus

210 839 466 901 Metensis¹,
487 837 570 901 qui
589 836 748 884 eidem
771 837 870 900 regi
893 837 1122 885 auxilium
1143 837 1316 897 serens,
1333 839 1395 886 ad
1411 840 1637 903 proelium

210 934 323 979 cum
337 917 443 983 ipso
465 924 679 976 venerat,
705 931 816 962 cum
841 914 1060 979 pluribus
1081 916 1226 964 etiam
1247 916 1493 965 nobilibus
1514 917 1635 966 aliis.

211 993 356 1056 Quod
390 993 709 1041 infortunium
739 991 896 1040 eidem
924 994 1024 1057 regi
1056 994 1194 1042 valde
1220 995 1479 1043 infaustum
1507 995 1598 1043 fuit
1623 1014 1634 1042 ε

213 1090 327 1122 nam
364 1072 668 1122 occasionem
697 1069 805 1117 tulit
832 1087 915 1120 sua
942 1073 1188 1137 captivitas
1212 1082 1265 1119 ut
1286 1089 1489 1137 regnum
1517 1073 1638 1121 illud

217 1151 400 1200 avitum
443 1159 793 1214 paternumque
827 1147 995 1195 Siciliae
1035 1166 1118 1197 seu
1167 1150 1535 1215 Neapolitanum
1577 1151 1638 1199 ad

211 1229 401 1278 hostem
433 1244 576 1275 suum
598 1226 928 1292 Alphonsum‚
958 1243 1121 1291 regem
1145 1231 1480 1292 Arragonum,=
1502 1229 1640 1278 deve-

217 1307 364 1368 niret,
394 1321 550 1371 eoque
580 1305 812 1353 hactenus
844 1305 1056 1370 privatus
1086 1317 1352 1372 exutusque
1378 1311 1635 1357 maneret'n

687 1505 1031 1551 CAPITULUM
1065 1506 1165 1550 XX.

236 1641 410 1678 Hem-icus
421 1668 432 1687 ‚
455 1642 654 1689 Anglorum
671 1654 747 1686 rex,
764 1642 802 1676 in
823 1641 986 1688 Angliam
1002 1640 1190 1676 revertitur
1204 1654 1215 1686 ;
1232 1651 1266 1677 et
1281 1641 1432 1688 qualiter
1447 1650 1527 1690 post
1542 1642 1617 1678 haeo

714 1712 848 1748 guerrae
871 1709 1142 1748 procurrerunt.

281 1824 364 1871 His
386 1824 548 1888 itaque
567 1824 617 1870 in
639 1821 945 1886 Lotharingia
971 1822 1126 1886 gestis,
1157 1822 1356 1886 Anglici,
1385 1834 1643 1890 postquam

215 1918 377 1966 regem
395 1918 535 1948 suum
563 1900 821 1948 Henricum
839 1899 1129 1961 diademate,
1156 1911 1346 1966 sceptro
1369 1902 1643 1967 caeterisque

216 1980 453 2045 regalibus
489 1979 677 2027 Parisiis
714 1978 1065 2042 insignivissent
1094 1989 1325 2044 tanquam
1350 1983 1644 2029 Francorum

216 2075 394 2124 regem,
422 2059 582 2124 ipsum
604 2056 750 2122 paulo
774 2066 884 2122 post
916 2055 1271 2120 Rothomagum
1294 2068 1341 2105 et
1362 2058 1475 2107 inde
1498 2059 1643 2125 paulo

216 2147 325 2204 post
340 2154 426 2204 per
443 2136 726 2196 Picardiam,
753 2152 851 2200 quo
872 2134 1170 2196 adventarat,
1192 2153 1414 2185 remenso
1432 2138 1598 2187 itinere
1610 2141 1641 2199 ³,

219 2215 455 2264 Calesium
478 2224 525 2263 et
547 2215 596 2262 in
616 2214 835 2278 Angliam
853 2213 1161 2260 reduxerunt.

287 2292 508 2340 Studium
543 2301 703 2340 autem
739 2291 1092 2357 permaximum
1125 2302 1226 2339 erat
1258 2294 1448 2341 Francis
1483 2297 1646 2343 venari

220 2369 393 2418 urbem
428 2370 557 2417 illam
603 2369 781 2433 regiam
830 2369 1145 2429 Parisiorum,
1184 2380 1231 2418 et
1258 2387 1312 2417 ex
1346 2372 1568 2437 captione
1602 2384 1648 2420 et

223 2447 489 2494 munitione
502 2447 771 2494 vicinorum
788 2445 1084 2511 oppidorum
1096 2456 1144 2494 et
1160 2446 1523 2510 fortaliciorum,
1541 2465 1646 2496 eam

223 2525 272 2571 in
309 2533 567 2571 extremam
602 2525 931 2572 necessitatem
972 2524 1258 2587 adductam,
1291 2525 1352 2573 ad
1380 2526 1646 2574 faciendam

281 2693 298 2728 1
310 2721 318 2730 .
350 2689 503 2728 Conrad
523 2692 647 2741 Bayer
665 2689 713 2729 de
726 2690 921 2743 Boppard.

281 2751 320 2790 2.
351 2749 439 2788 Ceci
461 2749 566 2788 etant
583 2749 678 2788 ecrit
697 2763 746 2788 en
766 2752 886 2798 1472,
911 2749 947 2788 le
967 2749 1026 2787 roi
1049 2749 1159 2789 Rene
1176 2750 1297 2789 vivait
1318 2764 1458 2790 encore
1474 2782 1485 2801 ,
1508 2759 1546 2790 et
1561 2764 1647 2790 sans

229 2811 310 2849 etre
326 2810 455 2848 rentre
474 2823 524 2848 en
536 2810 752 2861 possession
769 2810 822 2849 du
842 2822 1027 2861 royaume
1046 2806 1095 2849 de
1113 2811 1267 2863 NapleS.

286 2872 324 2909 3.
355 2873 409 2909 Le
430 2870 640 2909 manuscrit
655 2869 782 2909 donne
802 2874 962 2908 remensi
979 2874 1125 2911 itinere.
