<?xml version="1.0" encoding="UTF-8"?>
<!DOCTYPE html PUBLIC "-//W3C//DTD XHTML 1.0 Transitional//EN"
    "http://www.w3.org/TR/xhtml1/DTD/xhtml1-transitional.dtd">
<html xmlns="http://www.w3.org/1999/xhtml" xml:lang="en" lang="en">
 <head>
  <title>
</title>
<meta http-equiv="Content-Type" content="text/html;charset=utf-8" />
  <meta name='ocr-system' content='tesseract 3.04.00' />
  <meta name='ocr-capabilities' content='ocr_page ocr_carea ocr_par ocr_line ocrx_word'/>
</head>
<body>
  <div class='ocr_page' id='page_1' title='image "./histoiredesrgn01basiuoft_0315.png"; bbox 0 0 2086 3528; ppageno 0'>
   <div class='ocr_carea' id='block_1_1' title="bbox 734 355 1647 399">
    <p class='ocr_par' dir='ltr' id='par_1_1' title="bbox 734 355 1647 399">
     <span class='ocr_line' id='line_1_1' title="bbox 734 355 1647 399; baseline 0.003 -8"><span class='ocrx_word' id='word_1_1' title='bbox 734 355 882 392; x_wconf 88' lang='lat' dir='ltr'><strong>LIBER</strong></span> <span class='ocrx_word' id='word_1_2' title='bbox 909 356 1133 399; x_wconf 84' lang='lat' dir='ltr'><strong>TERTIUS.</strong></span> <span class='ocrx_word' id='word_1_3' title='bbox 1574 358 1647 395; x_wconf 68' lang='lat'><strong>141</strong></span> 
     </span>
    </p>
   </div>
   <div class='ocr_carea' id='block_1_2' title="bbox 211 432 1655 2312">
    <p class='ocr_par' dir='ltr' id='par_1_2' title="bbox 211 432 1655 2312">
     <span class='ocr_line' id='line_1_2' title="bbox 227 432 1654 505; baseline 0 -16"><span class='ocrx_word' id='word_1_4' title='bbox 227 439 387 489; x_wconf 88' lang='lat' dir='ltr'><strong>multis</strong></span> <span class='ocrx_word' id='word_1_5' title='bbox 410 432 512 489; x_wconf 89' lang='lat' dir='ltr'><strong>aliis</strong></span> <span class='ocrx_word' id='word_1_6' title='bbox 534 440 799 504; x_wconf 85' lang='lat' dir='ltr'><strong>Anglorum</strong></span> <span class='ocrx_word' id='word_1_7' title='bbox 831 441 1067 488; x_wconf 90' lang='lat' dir='ltr'><strong>veteranis</strong></span> <span class='ocrx_word' id='word_1_8' title='bbox 1086 439 1290 489; x_wconf 88' lang='lat' dir='ltr'><strong>ducibus</strong></span> <span class='ocrx_word' id='word_1_9' title='bbox 1320 451 1464 505; x_wconf 87' lang='lat' dir='ltr'><strong>atque</strong></span> <span class='ocrx_word' id='word_1_10' title='bbox 1486 441 1654 491; x_wconf 86' lang='lat' dir='ltr'><strong>militi-</strong></span> 
     </span>
     <span class='ocr_line' id='line_1_3' title="bbox 225 517 1648 584; baseline 0.001 -17"><span class='ocrx_word' id='word_1_11' title='bbox 225 517 317 567; x_wconf 90' lang='lat' dir='ltr'><strong>bus</strong></span> <span class='ocrx_word' id='word_1_12' title='bbox 342 519 424 584; x_wconf 89' lang='lat' dir='ltr'><strong>qui</strong></span> <span class='ocrx_word' id='word_1_13' title='bbox 441 518 526 566; x_wconf 88' lang='lat' dir='ltr'><strong>diu</strong></span> <span class='ocrx_word' id='word_1_14' title='bbox 540 519 590 565; x_wconf 90' lang='lat' dir='ltr'><strong>in</strong></span> <span class='ocrx_word' id='word_1_15' title='bbox 607 517 804 565; x_wconf 88' lang='lat' dir='ltr'><strong>Francia</strong></span> <span class='ocrx_word' id='word_1_16' title='bbox 832 518 1153 566; x_wconf 87' lang='lat' dir='ltr'><strong>militaverant</strong></span> <span class='ocrx_word' id='word_1_17' title='bbox 1168 556 1180 578; x_wconf 87' lang='lat'><strong>,</strong></span> <span class='ocrx_word' id='word_1_18' title='bbox 1196 537 1309 566; x_wconf 90' lang='lat' dir='ltr'><strong>cum</strong></span> <span class='ocrx_word' id='word_1_19' title='bbox 1330 519 1648 584; x_wconf 84' lang='lat' dir='ltr'><strong>festinatione,</strong></span> 
     </span>
     <span class='ocr_line' id='line_1_4' title="bbox 225 596 1654 663; baseline 0.001 -17"><span class='ocrx_word' id='word_1_20' title='bbox 225 597 428 646; x_wconf 90' lang='lat' dir='ltr'>obsessis</span> <span class='ocrx_word' id='word_1_21' title='bbox 466 596 635 645; x_wconf 89' lang='lat' dir='ltr'><strong>solatia</strong></span> <span class='ocrx_word' id='word_1_22' title='bbox 675 597 972 662; x_wconf 79' lang='lat' dir='ltr'><strong>praestiturus</strong></span> <span class='ocrx_word' id='word_1_23' title='bbox 987 635 999 657; x_wconf 93' lang='lat'><strong>,</strong></span> <span class='ocrx_word' id='word_1_24' title='bbox 1041 597 1130 644; x_wconf 94' lang='lat' dir='ltr'><strong>iter</strong></span> <span class='ocrx_word' id='word_1_25' title='bbox 1166 598 1383 663; x_wconf 80' lang='lat' dir='ltr'><strong>arripuit.</strong></span> <span class='ocrx_word' id='word_1_26' title='bbox 1414 599 1508 647; x_wconf 89' lang='lat' dir='ltr'><strong>Sed</strong></span> <span class='ocrx_word' id='word_1_27' title='bbox 1540 616 1654 648; x_wconf 93' lang='lat' dir='ltr'><strong>cum</strong></span> 
     </span>
     <span class='ocr_line' id='line_1_5' title="bbox 225 668 1649 742; baseline 0.003 -18"><span class='ocrx_word' id='word_1_28' title='bbox 225 679 448 739; x_wconf 78' lang='lat' dir='ltr'><strong>Erancos,</strong></span> <span class='ocrx_word' id='word_1_29' title='bbox 466 676 548 741; x_wconf 90' lang='lat' dir='ltr'><strong>qui</strong></span> <span class='ocrx_word' id='word_1_30' title='bbox 565 676 614 723; x_wconf 90' lang='lat' dir='ltr'><strong>in</strong></span> <span class='ocrx_word' id='word_1_31' title='bbox 634 668 926 724; x_wconf 88' lang='lat' dir='ltr'><strong>monasterio</strong></span> <span class='ocrx_word' id='word_1_32' title='bbox 940 677 1100 724; x_wconf 89' lang='lat' dir='ltr'><strong>Sancti</strong></span> <span class='ocrx_word' id='word_1_33' title='bbox 1116 679 1305 726; x_wconf 91' lang='lat' dir='ltr'><strong>Martini</strong></span> <span class='ocrx_word' id='word_1_34' title='bbox 1318 689 1470 740; x_wconf 86' lang='lat' dir='ltr'><strong>erant,</strong></span> <span class='ocrx_word' id='word_1_35' title='bbox 1488 697 1649 742; x_wconf 85' lang='lat' dir='ltr'><strong>muro,</strong></span> 
     </span>
     <span class='ocr_line' id='line_1_6' title="bbox 224 749 1655 821; baseline 0.003 -21"><span class='ocrx_word' id='word_1_36' title='bbox 224 753 350 803; x_wconf 88' lang='lat' dir='ltr'><strong>fossa</strong></span> <span class='ocrx_word' id='word_1_37' title='bbox 369 764 417 801; x_wconf 90' lang='lat' dir='ltr'><strong>et</strong></span> <span class='ocrx_word' id='word_1_38' title='bbox 443 754 586 801; x_wconf 87' lang='lat' dir='ltr'><strong>variis</strong></span> <span class='ocrx_word' id='word_1_39' title='bbox 618 753 853 804; x_wconf 89' lang='lat' dir='ltr'><strong>machinis</strong></span> <span class='ocrx_word' id='word_1_40' title='bbox 873 754 1014 802; x_wconf 90' lang='lat' dir='ltr'><strong>valde</strong></span> <span class='ocrx_word' id='word_1_41' title='bbox 1036 755 1249 802; x_wconf 89' lang='lat' dir='ltr'><strong>munitos</strong></span> <span class='ocrx_word' id='word_1_42' title='bbox 1267 749 1573 821; x_wconf 66' lang='lat' dir='ltr'><strong>intelligeret,</strong></span> <span class='ocrx_word' id='word_1_43' title='bbox 1599 768 1655 805; x_wconf 90' lang='lat' dir='ltr'><strong>ut</strong></span> 
     </span>
     <span class='ocr_line' id='line_1_7' title="bbox 223 831 1652 900; baseline 0.002 -20"><span class='ocrx_word' id='word_1_44' title='bbox 223 847 306 880; x_wconf 91' lang='lat' dir='ltr'><strong>eos</strong></span> <span class='ocrx_word' id='word_1_45' title='bbox 322 832 405 896; x_wconf 88' lang='lat' dir='ltr'><strong>qui</strong></span> <span class='ocrx_word' id='word_1_46' title='bbox 424 849 479 879; x_wconf 88' lang='lat' dir='ltr'><strong>ex</strong></span> <span class='ocrx_word' id='word_1_47' title='bbox 501 831 593 880; x_wconf 84' lang='lat' dir='ltr'><strong>alia</strong></span> <span class='ocrx_word' id='word_1_48' title='bbox 609 832 822 880; x_wconf 82' lang='lat' dir='ltr'><strong>fluminis</strong></span> <span class='ocrx_word' id='word_1_49' title='bbox 840 843 976 898; x_wconf 87' lang='lat' dir='ltr'><strong>parte</strong></span> <span class='ocrx_word' id='word_1_50' title='bbox 994 843 1149 881; x_wconf 90' lang='lat' dir='ltr'><strong>castra</strong></span> <span class='ocrx_word' id='word_1_51' title='bbox 1167 845 1451 899; x_wconf 83' lang='lat' dir='ltr'><strong>posuerant,</strong></span> <span class='ocrx_word' id='word_1_52' title='bbox 1475 836 1525 882; x_wconf 93' lang='lat' dir='ltr'><strong>in</strong></span> <span class='ocrx_word' id='word_1_53' title='bbox 1546 837 1652 900; x_wconf 92' lang='lat' dir='ltr'><strong>qui-</strong></span> 
     </span>
     <span class='ocr_line' id='line_1_8' title="bbox 221 909 1651 977; baseline 0.002 -19"><span class='ocrx_word' id='word_1_54' title='bbox 221 909 313 958; x_wconf 90' lang='lat' dir='ltr'><strong>bus</strong></span> <span class='ocrx_word' id='word_1_55' title='bbox 334 920 434 958; x_wconf 89' lang='lat' dir='ltr'><strong>erat</strong></span> <span class='ocrx_word' id='word_1_56' title='bbox 456 927 540 957; x_wconf 87' lang='lat' dir='ltr'><strong>rex</strong></span> <span class='ocrx_word' id='word_1_57' title='bbox 554 948 566 972; x_wconf 94' lang='lat'><strong>,</strong></span> <span class='ocrx_word' id='word_1_58' title='bbox 586 911 814 958; x_wconf 87' lang='lat' dir='ltr'><strong>invadere</strong></span> <span class='ocrx_word' id='word_1_59' title='bbox 836 921 1021 977; x_wconf 91' lang='lat' dir='ltr'><strong>posset,</strong></span> <span class='ocrx_word' id='word_1_60' title='bbox 1048 920 1198 977; x_wconf 89' lang='lat' dir='ltr'><strong>ponte</strong></span> <span class='ocrx_word' id='word_1_61' title='bbox 1214 928 1272 958; x_wconf 85' lang='lat' dir='ltr'><strong>ex</strong></span> <span class='ocrx_word' id='word_1_62' title='bbox 1290 911 1431 959; x_wconf 93' lang='lat' dir='ltr'><strong>doliis</strong></span> <span class='ocrx_word' id='word_1_63' title='bbox 1450 922 1495 960; x_wconf 89' lang='lat' dir='ltr'><strong>et</strong></span> <span class='ocrx_word' id='word_1_64' title='bbox 1514 913 1651 962; x_wconf 86' lang='lat' dir='ltr'><strong>tabu-</strong></span> 
     </span>
     <span class='ocr_line' id='line_1_9' title="bbox 219 986 1650 1053; baseline 0.002 -13"><span class='ocrx_word' id='word_1_65' title='bbox 219 986 277 1040; x_wconf 89' lang='lat' dir='ltr'><strong>Iis</strong></span> <span class='ocrx_word' id='word_1_66' title='bbox 305 992 520 1041; x_wconf 83' lang='lat' dir='ltr'><strong>celeriter</strong></span> <span class='ocrx_word' id='word_1_67' title='bbox 545 1002 823 1040; x_wconf 88' lang='lat' dir='ltr'><strong>constructo</strong></span> <span class='ocrx_word' id='word_1_68' title='bbox 845 1029 858 1053; x_wconf 92' lang='lat'><strong>,</strong></span> <span class='ocrx_word' id='word_1_69' title='bbox 897 993 1078 1039; x_wconf 88' lang='lat' dir='ltr'><strong>flumen</strong></span> <span class='ocrx_word' id='word_1_70' title='bbox 1113 995 1250 1041; x_wconf 87' lang='lat' dir='ltr'><strong>Isarae</strong></span> <span class='ocrx_word' id='word_1_71' title='bbox 1286 1011 1383 1042; x_wconf 85' lang='lat' dir='ltr'><strong>una</strong></span> <span class='ocrx_word' id='word_1_72' title='bbox 1415 1011 1527 1041; x_wconf 89' lang='lat' dir='ltr'><strong>cum</strong></span> <span class='ocrx_word' id='word_1_73' title='bbox 1561 1013 1650 1043; x_wconf 91' lang='lat' dir='ltr'><strong>suo</strong></span> 
     </span>
     <span class='ocr_line' id='line_1_10' title="bbox 220 1070 1649 1135; baseline 0.001 -17"><span class='ocrx_word' id='word_1_74' title='bbox 220 1071 431 1118; x_wconf 88' lang='lat' dir='ltr'><strong>exercitu</strong></span> <span class='ocrx_word' id='word_1_75' title='bbox 461 1071 694 1119; x_wconf 87' lang='lat' dir='ltr'><strong>transivit.</strong></span> <span class='ocrx_word' id='word_1_76' title='bbox 736 1074 1002 1118; x_wconf 88' lang='lat' dir='ltr'><strong>Posuerant</strong></span> <span class='ocrx_word' id='word_1_77' title='bbox 1027 1070 1266 1135; x_wconf 88' lang='lat' dir='ltr'><strong>siquidem</strong></span> <span class='ocrx_word' id='word_1_78' title='bbox 1298 1072 1466 1119; x_wconf 88' lang='lat' dir='ltr'><strong>Franci</strong></span> <span class='ocrx_word' id='word_1_79' title='bbox 1490 1083 1649 1121; x_wconf 84' lang='lat' dir='ltr'><strong>custo-</strong></span> 
     </span>
     <span class='ocr_line' id='line_1_11' title="bbox 219 1147 1650 1215; baseline 0.002 -20"><span class='ocrx_word' id='word_1_80' title='bbox 219 1147 321 1196; x_wconf 91' lang='lat' dir='ltr'><strong>dias</strong></span> <span class='ocrx_word' id='word_1_81' title='bbox 344 1149 551 1197; x_wconf 89' lang='lat' dir='ltr'><strong>militum</strong></span> <span class='ocrx_word' id='word_1_82' title='bbox 575 1149 637 1197; x_wconf 89' lang='lat' dir='ltr'><strong>ad</strong></span> <span class='ocrx_word' id='word_1_83' title='bbox 662 1149 816 1215; x_wconf 88' lang='lat' dir='ltr'><strong>ripam</strong></span> <span class='ocrx_word' id='word_1_84' title='bbox 841 1149 1053 1196; x_wconf 90' lang='lat' dir='ltr'><strong>fluminis</strong></span> <span class='ocrx_word' id='word_1_85' title='bbox 1068 1185 1080 1208; x_wconf 90' lang='lat'><strong>,</strong></span> <span class='ocrx_word' id='word_1_86' title='bbox 1106 1149 1190 1214; x_wconf 91' lang='lat' dir='ltr'><strong>qui</strong></span> <span class='ocrx_word' id='word_1_87' title='bbox 1215 1150 1374 1213; x_wconf 86' lang='lat' dir='ltr'><strong>Anglis</strong></span> <span class='ocrx_word' id='word_1_88' title='bbox 1399 1152 1650 1199; x_wconf 87' lang='lat' dir='ltr'><strong>transitum</strong></span> 
     </span>
     <span class='ocr_line' id='line_1_12' title="bbox 219 1219 1647 1291; baseline 0.003 -19"><span class='ocrx_word' id='word_1_89' title='bbox 219 1219 468 1273; x_wconf 84' lang='lat' dir='ltr'><strong>inhibituri</strong></span> <span class='ocrx_word' id='word_1_90' title='bbox 484 1227 642 1274; x_wconf 87' lang='lat' dir='ltr'><strong>forent</strong></span> <span class='ocrx_word' id='word_1_91' title='bbox 660 1247 672 1288; x_wconf 90' lang='lat'>;</span> <span class='ocrx_word' id='word_1_92' title='bbox 694 1226 827 1291; x_wconf 92' lang='lat' dir='ltr'><strong>quod</strong></span> <span class='ocrx_word' id='word_1_93' title='bbox 845 1226 1010 1291; x_wconf 90' lang='lat' dir='ltr'><strong>utique</strong></span> <span class='ocrx_word' id='word_1_94' title='bbox 1026 1226 1160 1274; x_wconf 91' lang='lat' dir='ltr'><strong>haud</strong></span> <span class='ocrx_word' id='word_1_95' title='bbox 1176 1226 1368 1274; x_wconf 87' lang='lat' dir='ltr'><strong>difficile</strong></span> <span class='ocrx_word' id='word_1_96' title='bbox 1385 1227 1512 1275; x_wconf 89' lang='lat' dir='ltr'><strong>factu</strong></span> <span class='ocrx_word' id='word_1_97' title='bbox 1529 1241 1647 1289; x_wconf 88' lang='lat' dir='ltr'><strong>erat,</strong></span> 
     </span>
     <span class='ocr_line' id='line_1_13' title="bbox 217 1303 1651 1368; baseline 0.003 -19"><span class='ocrx_word' id='word_1_98' title='bbox 217 1303 256 1349; x_wconf 92' lang='lat' dir='ltr'><strong>si</strong></span> <span class='ocrx_word' id='word_1_99' title='bbox 279 1303 527 1368; x_wconf 88' lang='lat' dir='ltr'><strong>vigilanter</strong></span> <span class='ocrx_word' id='word_1_100' title='bbox 547 1314 631 1352; x_wconf 86' lang='lat' dir='ltr'><strong>aut</strong></span> <span class='ocrx_word' id='word_1_101' title='bbox 651 1304 852 1351; x_wconf 88' lang='lat' dir='ltr'><strong>solerter</strong></span> <span class='ocrx_word' id='word_1_102' title='bbox 870 1304 932 1351; x_wconf 87' lang='lat' dir='ltr'><strong>ad</strong></span> <span class='ocrx_word' id='word_1_103' title='bbox 954 1303 1051 1351; x_wconf 92' lang='lat' dir='ltr'><strong>hoc</strong></span> <span class='ocrx_word' id='word_1_104' title='bbox 1075 1304 1406 1351; x_wconf 90' lang='lat' dir='ltr'><strong>intendissent.</strong></span> <span class='ocrx_word' id='word_1_105' title='bbox 1428 1305 1521 1352; x_wconf 88' lang='lat' dir='ltr'><strong>Sed</strong></span> <span class='ocrx_word' id='word_1_106' title='bbox 1538 1323 1651 1354; x_wconf 90' lang='lat' dir='ltr'><strong>cum</strong></span> 
     </span>
     <span class='ocr_line' id='line_1_14' title="bbox 217 1385 1649 1446; baseline 0.003 -16"><span class='ocrx_word' id='word_1_107' title='bbox 217 1400 319 1432; x_wconf 90' lang='lat' dir='ltr'><strong>non</strong></span> <span class='ocrx_word' id='word_1_108' title='bbox 341 1386 452 1433; x_wconf 87' lang='lat' dir='ltr'><strong>satis</strong></span> <span class='ocrx_word' id='word_1_109' title='bbox 475 1385 687 1434; x_wconf 79' lang='lat' dir='ltr'><strong>studiose</strong></span> <span class='ocrx_word' id='word_1_110' title='bbox 710 1385 759 1433; x_wconf 87' lang='lat' dir='ltr'><strong>id</strong></span> <span class='ocrx_word' id='word_1_111' title='bbox 780 1395 998 1432; x_wconf 89' lang='lat' dir='ltr'><strong>curatum</strong></span> <span class='ocrx_word' id='word_1_112' title='bbox 1023 1387 1208 1446; x_wconf 87' lang='lat' dir='ltr'><strong>fuisset,</strong></span> <span class='ocrx_word' id='word_1_113' title='bbox 1237 1386 1450 1433; x_wconf 86' lang='lat' dir='ltr'><strong>transivit</strong></span> <span class='ocrx_word' id='word_1_114' title='bbox 1469 1387 1649 1435; x_wconf 85' lang='lat' dir='ltr'><strong>flumen</strong></span> 
     </span>
     <span class='ocr_line' id='line_1_15' title="bbox 216 1467 1648 1532; baseline 0.002 -19"><span class='ocrx_word' id='word_1_115' title='bbox 216 1475 347 1514; x_wconf 87' lang='lat' dir='ltr'><strong>totus</strong></span> <span class='ocrx_word' id='word_1_116' title='bbox 377 1467 642 1532; x_wconf 84' lang='lat' dir='ltr'><strong>Anglorum</strong></span> <span class='ocrx_word' id='word_1_117' title='bbox 678 1468 929 1515; x_wconf 89' lang='lat' dir='ltr'><strong>exercitus.</strong></span> <span class='ocrx_word' id='word_1_118' title='bbox 977 1469 1094 1525; x_wconf 87' lang='lat' dir='ltr'><strong>Quae</strong></span> <span class='ocrx_word' id='word_1_119' title='bbox 1129 1483 1204 1514; x_wconf 90' lang='lat' dir='ltr'><strong>res</strong></span> <span class='ocrx_word' id='word_1_120' title='bbox 1239 1483 1351 1515; x_wconf 88' lang='lat' dir='ltr'><strong>cum</strong></span> <span class='ocrx_word' id='word_1_121' title='bbox 1390 1467 1453 1514; x_wconf 86' lang='lat' dir='ltr'><strong>ad</strong></span> <span class='ocrx_word' id='word_1_122' title='bbox 1491 1469 1648 1516; x_wconf 89' lang='lat' dir='ltr'><strong>Caroli</strong></span> 
     </span>
     <span class='ocr_line' id='line_1_16' title="bbox 217 1543 1647 1611; baseline 0.002 -20"><span class='ocrx_word' id='word_1_123' title='bbox 217 1545 338 1609; x_wconf 87' lang='lat' dir='ltr'><strong>regis</strong></span> <span class='ocrx_word' id='word_1_124' title='bbox 362 1546 582 1592; x_wconf 89' lang='lat' dir='ltr'><strong>notitiam</strong></span> <span class='ocrx_word' id='word_1_125' title='bbox 609 1547 904 1611; x_wconf 88' lang='lat' dir='ltr'><strong>perveniret,</strong></span> <span class='ocrx_word' id='word_1_126' title='bbox 931 1545 1015 1609; x_wconf 90' lang='lat' dir='ltr'><strong>qui</strong></span> <span class='ocrx_word' id='word_1_127' title='bbox 1038 1543 1321 1591; x_wconf 88' lang='lat' dir='ltr'><strong>validiorem</strong></span> <span class='ocrx_word' id='word_1_128' title='bbox 1345 1561 1542 1592; x_wconf 90' lang='lat' dir='ltr'><strong>suarum</strong></span> <span class='ocrx_word' id='word_1_129' title='bbox 1565 1563 1647 1594; x_wconf 92' lang='lat' dir='ltr'><strong>co-</strong></span> 
     </span>
     <span class='ocr_line' id='line_1_17' title="bbox 214 1620 1646 1689; baseline 0.002 -20"><span class='ocrx_word' id='word_1_130' title='bbox 214 1623 403 1688; x_wconf 88' lang='lat' dir='ltr'><strong>piarum</strong></span> <span class='ocrx_word' id='word_1_131' title='bbox 422 1633 608 1689; x_wconf 88' lang='lat' dir='ltr'><strong>partem</strong></span> <span class='ocrx_word' id='word_1_132' title='bbox 629 1641 686 1671; x_wconf 86' lang='lat' dir='ltr'><strong>ex</strong></span> <span class='ocrx_word' id='word_1_133' title='bbox 706 1623 797 1670; x_wconf 87' lang='lat' dir='ltr'><strong>alia</strong></span> <span class='ocrx_word' id='word_1_134' title='bbox 817 1632 951 1688; x_wconf 86' lang='lat' dir='ltr'><strong>parte</strong></span> <span class='ocrx_word' id='word_1_135' title='bbox 966 1622 1177 1668; x_wconf 88' lang='lat' dir='ltr'><strong>fluminis</strong></span> <span class='ocrx_word' id='word_1_136' title='bbox 1198 1620 1428 1682; x_wconf 85' lang='lat' dir='ltr'><strong>habebat,</strong></span> <span class='ocrx_word' id='word_1_137' title='bbox 1450 1622 1646 1672; x_wconf 89' lang='lat' dir='ltr'><strong>dimisso</strong></span> 
     </span>
     <span class='ocr_line' id='line_1_18' title="bbox 215 1699 1645 1759; baseline 0.001 -13"><span class='ocrx_word' id='word_1_138' title='bbox 215 1701 505 1748; x_wconf 89' lang='lat' dir='ltr'><strong>monasterio</strong></span> <span class='ocrx_word' id='word_1_139' title='bbox 526 1701 836 1748; x_wconf 88' lang='lat' dir='ltr'><strong>dominarum</strong></span> <span class='ocrx_word' id='word_1_140' title='bbox 859 1700 921 1748; x_wconf 89' lang='lat' dir='ltr'><strong>de</strong></span> <span class='ocrx_word' id='word_1_141' title='bbox 948 1699 1240 1747; x_wconf 87' lang='lat' dir='ltr'><strong>Malo-Rubo</strong></span> <span class='ocrx_word' id='word_1_142' title='bbox 1265 1716 1350 1747; x_wconf 90' lang='lat' dir='ltr'><strong>seu</strong></span> <span class='ocrx_word' id='word_1_143' title='bbox 1382 1701 1540 1747; x_wconf 91' lang='lat' dir='ltr'><strong>Dumo</strong></span> <span class='ocrx_word' id='word_1_144' title='bbox 1559 1739 1571 1759; x_wconf 91' lang='lat'>‚</span> <span class='ocrx_word' id='word_1_145' title='bbox 1598 1703 1645 1749; x_wconf 92' lang='lat' dir='ltr'><strong>in</strong></span> 
     </span>
     <span class='ocr_line' id='line_1_19' title="bbox 213 1777 1641 1843; baseline 0.001 -18"><span class='ocrx_word' id='word_1_146' title='bbox 213 1795 311 1843; x_wconf 90' lang='lat' dir='ltr'><strong>quo</strong></span> <span class='ocrx_word' id='word_1_147' title='bbox 347 1779 507 1826; x_wconf 87' lang='lat' dir='ltr'><strong>multis</strong></span> <span class='ocrx_word' id='word_1_148' title='bbox 545 1789 737 1827; x_wconf 86' lang='lat' dir='ltr'><strong>steterat</strong></span> <span class='ocrx_word' id='word_1_149' title='bbox 778 1778 973 1839; x_wconf 87' lang='lat' dir='ltr'><strong>diebuS,</strong></span> <span class='ocrx_word' id='word_1_150' title='bbox 1021 1777 1083 1825; x_wconf 91' lang='lat' dir='ltr'><strong>ad</strong></span> <span class='ocrx_word' id='word_1_151' title='bbox 1122 1777 1284 1825; x_wconf 86' lang='lat' dir='ltr'><strong>villam</strong></span> <span class='ocrx_word' id='word_1_152' title='bbox 1326 1778 1585 1826; x_wconf 88' lang='lat' dir='ltr'><strong>Pissiacum</strong></span> <span class='ocrx_word' id='word_1_153' title='bbox 1603 1783 1614 1804; x_wconf 90' lang='lat'>¹</span> <span class='ocrx_word' id='word_1_154' title='bbox 1628 1817 1641 1840; x_wconf 94' lang='lat'><strong>,</strong></span> 
     </span>
     <span class='ocr_line' id='line_1_20' title="bbox 213 1855 1645 1921; baseline 0.001 -18"><span class='ocrx_word' id='word_1_155' title='bbox 213 1865 343 1904; x_wconf 89' lang='lat' dir='ltr'><strong>trans</strong></span> <span class='ocrx_word' id='word_1_156' title='bbox 374 1858 676 1921; x_wconf 80' lang='lat' dir='ltr'><strong>Sequanam,</strong></span> <span class='ocrx_word' id='word_1_157' title='bbox 716 1857 799 1904; x_wconf 86' lang='lat' dir='ltr'><strong>ubi</strong></span> <span class='ocrx_word' id='word_1_158' title='bbox 837 1857 981 1904; x_wconf 87' lang='lat' dir='ltr'><strong>etiam</strong></span> <span class='ocrx_word' id='word_1_159' title='bbox 1015 1865 1085 1903; x_wconf 89' lang='lat' dir='ltr'><strong>est</strong></span> <span class='ocrx_word' id='word_1_160' title='bbox 1120 1855 1645 1920; x_wconf 81' lang='lat' dir='ltr'><strong>magnificentissimum</strong></span> 
     </span>
     <span class='ocr_line' id='line_1_21' title="bbox 212 1933 1645 2000; baseline 0 -18"><span class='ocrx_word' id='word_1_161' title='bbox 212 1936 540 2000; x_wconf 86' lang='lat' dir='ltr'><strong>religiosarum</strong></span> <span class='ocrx_word' id='word_1_162' title='bbox 569 1934 945 1997; x_wconf 80' lang='lat' dir='ltr'><strong>mOnasterium,</strong></span> <span class='ocrx_word' id='word_1_163' title='bbox 972 1951 1022 1981; x_wconf 90' lang='lat' dir='ltr'><strong>se</strong></span> <span class='ocrx_word' id='word_1_164' title='bbox 1048 1935 1253 2000; x_wconf 90' lang='lat' dir='ltr'><strong>recepit,</strong></span> <span class='ocrx_word' id='word_1_165' title='bbox 1281 1933 1527 1982; x_wconf 87' lang='lat' dir='ltr'><strong>declinans</strong></span> <span class='ocrx_word' id='word_1_166' title='bbox 1564 1951 1645 1982; x_wconf 87' lang='lat' dir='ltr'><strong>sa-</strong></span> 
     </span>
     <span class='ocr_line' id='line_1_22' title="bbox 211 2013 1644 2079; baseline -0.001 -18"><span class='ocrx_word' id='word_1_167' title='bbox 211 2014 398 2079; x_wconf 90' lang='lat' dir='ltr'><strong>pienter</strong></span> <span class='ocrx_word' id='word_1_168' title='bbox 415 2013 542 2061; x_wconf 93' lang='lat' dir='ltr'><strong>illius</strong></span> <span class='ocrx_word' id='word_1_169' title='bbox 557 2015 818 2079; x_wconf 86' lang='lat' dir='ltr'><strong>Anglorum</strong></span> <span class='ocrx_word' id='word_1_170' title='bbox 838 2013 1071 2061; x_wconf 86' lang='lat' dir='ltr'><strong>exercitus</strong></span> <span class='ocrx_word' id='word_1_171' title='bbox 1091 2029 1365 2059; x_wconf 88' lang='lat' dir='ltr'><strong>occursum.</strong></span> <span class='ocrx_word' id='word_1_172' title='bbox 1382 2013 1466 2060; x_wconf 91' lang='lat' dir='ltr'><strong>Sui</strong></span> <span class='ocrx_word' id='word_1_173' title='bbox 1482 2023 1644 2061; x_wconf 89' lang='lat' dir='ltr'><strong>tamen</strong></span> 
     </span>
     <span class='ocr_line' id='line_1_23' title="bbox 212 2090 1644 2155; baseline 0 -16"><span class='ocrx_word' id='word_1_174' title='bbox 212 2090 359 2140; x_wconf 88' lang='lat' dir='ltr'><strong>duces</strong></span> <span class='ocrx_word' id='word_1_175' title='bbox 391 2101 439 2140; x_wconf 86' lang='lat' dir='ltr'><strong>et</strong></span> <span class='ocrx_word' id='word_1_176' title='bbox 472 2092 772 2155; x_wconf 89' lang='lat' dir='ltr'><strong>Ludovicus,</strong></span> <span class='ocrx_word' id='word_1_177' title='bbox 813 2091 939 2139; x_wconf 85' lang='lat' dir='ltr'><strong>filius</strong></span> <span class='ocrx_word' id='word_1_178' title='bbox 975 2092 1104 2155; x_wconf 89' lang='lat' dir='ltr'><strong>ejus,</strong></span> <span class='ocrx_word' id='word_1_179' title='bbox 1149 2090 1210 2137; x_wconf 90' lang='lat' dir='ltr'><strong>ab</strong></span> <span class='ocrx_word' id='word_1_180' title='bbox 1249 2090 1516 2138; x_wconf 87' lang='lat' dir='ltr'><strong>obsidionis</strong></span> <span class='ocrx_word' id='word_1_181' title='bbox 1550 2108 1644 2139; x_wconf 84' lang='lat' dir='ltr'><strong>suae</strong></span> 
     </span>
     <span class='ocr_line' id='line_1_24' title="bbox 212 2168 1640 2235; baseline 0 -19"><span class='ocrx_word' id='word_1_182' title='bbox 212 2170 400 2228; x_wconf 85' lang='lat' dir='ltr'><strong>castris,</strong></span> <span class='ocrx_word' id='word_1_183' title='bbox 421 2187 526 2235; x_wconf 86' lang='lat' dir='ltr'><strong>quae</strong></span> <span class='ocrx_word' id='word_1_184' title='bbox 543 2171 592 2217; x_wconf 94' lang='lat' dir='ltr'><strong>in</strong></span> <span class='ocrx_word' id='word_1_185' title='bbox 613 2171 906 2218; x_wconf 87' lang='lat' dir='ltr'><strong>monasterio</strong></span> <span class='ocrx_word' id='word_1_186' title='bbox 925 2169 1084 2216; x_wconf 87' lang='lat' dir='ltr'><strong>Sancti</strong></span> <span class='ocrx_word' id='word_1_187' title='bbox 1102 2169 1321 2230; x_wconf 84' lang='lat' dir='ltr'><strong>Martini,</strong></span> <span class='ocrx_word' id='word_1_188' title='bbox 1342 2177 1395 2215; x_wconf 91' lang='lat' dir='ltr'><strong>ut</strong></span> <span class='ocrx_word' id='word_1_189' title='bbox 1414 2168 1640 2229; x_wconf 87' lang='lat' dir='ltr'><strong>diximus,</strong></span> 
     </span>
     <span class='ocr_line' id='line_1_25' title="bbox 212 2245 1489 2312; baseline -0.002 -17"><span class='ocrx_word' id='word_1_190' title='bbox 212 2257 434 2312; x_wconf 86' lang='lat' dir='ltr'><strong>potenter</strong></span> <span class='ocrx_word' id='word_1_191' title='bbox 455 2248 594 2296; x_wconf 87' lang='lat' dir='ltr'><strong>valde</strong></span> <span class='ocrx_word' id='word_1_192' title='bbox 614 2249 913 2309; x_wconf 87' lang='lat' dir='ltr'><strong>munierant,</strong></span> <span class='ocrx_word' id='word_1_193' title='bbox 940 2246 1139 2293; x_wconf 90' lang='lat' dir='ltr'><strong>minime</strong></span> <span class='ocrx_word' id='word_1_194' title='bbox 1165 2245 1489 2293; x_wconf 90' lang='lat' dir='ltr'><strong>decesserunt.</strong></span> 
     </span>
    </p>
   </div>
   <div class='ocr_carea' id='block_1_3' title="bbox 213 2322 1640 2468">
    <p class='ocr_par' dir='ltr' id='par_1_3' title="bbox 213 2322 1640 2468">
     <span class='ocr_line' id='line_1_26' title="bbox 278 2322 1639 2389; baseline -0.001 -17"><span class='ocrx_word' id='word_1_195' title='bbox 278 2327 397 2372; x_wconf 89' lang='lat' dir='ltr'><strong>Cum</strong></span> <span class='ocrx_word' id='word_1_196' title='bbox 419 2342 535 2373; x_wconf 85' lang='lat' dir='ltr'><strong>vero</strong></span> <span class='ocrx_word' id='word_1_197' title='bbox 561 2326 656 2373; x_wconf 89' lang='lat' dir='ltr'><strong>dux</strong></span> <span class='ocrx_word' id='word_1_198' title='bbox 681 2326 886 2374; x_wconf 89' lang='lat' dir='ltr'><strong>Eboraci</strong></span> <span class='ocrx_word' id='word_1_199' title='bbox 902 2341 1015 2372; x_wconf 88' lang='lat' dir='ltr'><strong>cum</strong></span> <span class='ocrx_word' id='word_1_200' title='bbox 1033 2325 1131 2371; x_wconf 89' lang='lat' dir='ltr'><strong>suis</strong></span> <span class='ocrx_word' id='word_1_201' title='bbox 1151 2322 1331 2388; x_wconf 85' lang='lat' dir='ltr'><strong>Anglis,</strong></span> <span class='ocrx_word' id='word_1_202' title='bbox 1357 2325 1441 2388; x_wconf 93' lang='lat' dir='ltr'><strong>qui</strong></span> <span class='ocrx_word' id='word_1_203' title='bbox 1465 2341 1639 2389; x_wconf 86' lang='lat' dir='ltr'><strong>magno</strong></span> 
     </span>
     <span class='ocr_line' id='line_1_27' title="bbox 213 2400 1640 2468; baseline 0 -19"><span class='ocrx_word' id='word_1_204' title='bbox 213 2411 349 2449; x_wconf 90' lang='lat' dir='ltr'><strong>erant</strong></span> <span class='ocrx_word' id='word_1_205' title='bbox 386 2419 613 2463; x_wconf 88' lang='lat' dir='ltr'><strong>numero,</strong></span> <span class='ocrx_word' id='word_1_206' title='bbox 651 2421 788 2468; x_wconf 84' lang='lat' dir='ltr'><strong>agros</strong></span> <span class='ocrx_word' id='word_1_207' title='bbox 824 2402 930 2449; x_wconf 91' lang='lat' dir='ltr'><strong>illos</strong></span> <span class='ocrx_word' id='word_1_208' title='bbox 966 2400 1176 2448; x_wconf 82' lang='lat' dir='ltr'><strong>Franciae</strong></span> <span class='ocrx_word' id='word_1_209' title='bbox 1217 2401 1399 2448; x_wconf 88' lang='lat' dir='ltr'><strong>circum</strong></span> <span class='ocrx_word' id='word_1_210' title='bbox 1420 2403 1640 2452; x_wconf 82' lang='lat' dir='ltr'><strong>Parisios</strong></span> 
     </span>
    </p>
   </div>
   <div class='ocr_carea' id='block_1_4' title="bbox 211 2478 1640 2781">
    <p class='ocr_par' dir='ltr' id='par_1_4' title="bbox 211 2478 1640 2781">
     <span class='ocr_line' id='line_1_28' title="bbox 215 2478 1639 2545; baseline 0 -19"><span class='ocrx_word' id='word_1_211' title='bbox 215 2480 375 2526; x_wconf 89' lang='lat' dir='ltr'><strong>fuisset</strong></span> <span class='ocrx_word' id='word_1_212' title='bbox 397 2480 800 2545; x_wconf 82' lang='lat' dir='ltr'><strong>circumvagatuS,</strong></span> <span class='ocrx_word' id='word_1_213' title='bbox 828 2497 918 2527; x_wconf 91' lang='lat' dir='ltr'><strong>nec</strong></span> <span class='ocrx_word' id='word_1_214' title='bbox 940 2478 1062 2526; x_wconf 90' lang='lat' dir='ltr'><strong>inibi</strong></span> <span class='ocrx_word' id='word_1_215' title='bbox 1084 2495 1330 2527; x_wconf 89' lang='lat' dir='ltr'><strong>annonam</strong></span> <span class='ocrx_word' id='word_1_216' title='bbox 1350 2517 1362 2541; x_wconf 94' lang='lat'><strong>,</strong></span> <span class='ocrx_word' id='word_1_217' title='bbox 1400 2489 1482 2527; x_wconf 88' lang='lat' dir='ltr'><strong>aut</strong></span> <span class='ocrx_word' id='word_1_218' title='bbox 1506 2480 1639 2526; x_wconf 89' lang='lat' dir='ltr'><strong>colo-</strong></span> 
     </span>
     <span class='ocr_line' id='line_1_29' title="bbox 213 2557 1640 2623; baseline -0.001 -18"><span class='ocrx_word' id='word_1_219' title='bbox 213 2574 326 2617; x_wconf 92' lang='lat' dir='ltr'><strong>nos,</strong></span> <span class='ocrx_word' id='word_1_220' title='bbox 349 2557 441 2604; x_wconf 92' lang='lat' dir='ltr'><strong>nisi</strong></span> <span class='ocrx_word' id='word_1_221' title='bbox 460 2559 723 2614; x_wconf 82' lang='lat' dir='ltr'><strong>rarissimos</strong></span> <span class='ocrx_word' id='word_1_222' title='bbox 737 2597 748 2618; x_wconf 93' lang='lat'><strong>,</strong></span> <span class='ocrx_word' id='word_1_223' title='bbox 777 2559 991 2606; x_wconf 87' lang='lat' dir='ltr'><strong>invenire</strong></span> <span class='ocrx_word' id='word_1_224' title='bbox 1020 2567 1183 2623; x_wconf 88' lang='lat' dir='ltr'><strong>posset</strong></span> <span class='ocrx_word' id='word_1_225' title='bbox 1197 2593 1209 2617; x_wconf 96' lang='lat'><strong>,</strong></span> <span class='ocrx_word' id='word_1_226' title='bbox 1232 2566 1429 2621; x_wconf 89' lang='lat' dir='ltr'><strong>urgente</strong></span> <span class='ocrx_word' id='word_1_227' title='bbox 1452 2557 1575 2604; x_wconf 88' lang='lat' dir='ltr'><strong>fame</strong></span> <span class='ocrx_word' id='word_1_228' title='bbox 1593 2566 1640 2604; x_wconf 88' lang='lat' dir='ltr'><strong>et</strong></span> 
     </span>
     <span class='ocr_line' id='line_1_30' title="bbox 211 2623 1639 2703; baseline 0 -21"><span class='ocrx_word' id='word_1_229' title='bbox 211 2636 435 2700; x_wconf 87' lang='lat' dir='ltr'><strong>penuria,</strong></span> <span class='ocrx_word' id='word_1_230' title='bbox 452 2637 577 2685; x_wconf 87' lang='lat' dir='ltr'><strong>intra</strong></span> <span class='ocrx_word' id='word_1_231' title='bbox 597 2638 909 2703; x_wconf 89' lang='lat' dir='ltr'><strong>paucissimos</strong></span> <span class='ocrx_word' id='word_1_232' title='bbox 922 2623 1024 2683; x_wconf 90' lang='lat' dir='ltr'><strong>dies</strong></span> <span class='ocrx_word' id='word_1_233' title='bbox 1048 2646 1244 2683; x_wconf 90' lang='lat' dir='ltr'><strong>coactus</strong></span> <span class='ocrx_word' id='word_1_234' title='bbox 1258 2646 1329 2683; x_wconf 89' lang='lat' dir='ltr'><strong>est</strong></span> <span class='ocrx_word' id='word_1_235' title='bbox 1353 2637 1456 2682; x_wconf 90' lang='lat' dir='ltr'><strong>sine</strong></span> <span class='ocrx_word' id='word_1_236' title='bbox 1480 2635 1639 2682; x_wconf 89' lang='lat' dir='ltr'><strong>fructu</strong></span> 
     </span>
     <span class='ocr_line' id='line_1_31' title="bbox 214 2714 1640 2781; baseline 0 -19"><span class='ocrx_word' id='word_1_237' title='bbox 214 2715 428 2764; x_wconf 86' lang='lat' dir='ltr'><strong>inefficax</strong></span> <span class='ocrx_word' id='word_1_238' title='bbox 453 2718 625 2765; x_wconf 79' lang='lat' dir='ltr'><strong>reverti</strong></span> <span class='ocrx_word' id='word_1_239' title='bbox 651 2717 1021 2781; x_wconf 86' lang='lat' dir='ltr'><strong>Rothomagum.</strong></span> <span class='ocrx_word' id='word_1_240' title='bbox 1049 2718 1198 2763; x_wconf 87' lang='lat' dir='ltr'><strong>Tanta</strong></span> <span class='ocrx_word' id='word_1_241' title='bbox 1216 2725 1379 2763; x_wconf 90' lang='lat' dir='ltr'><strong>autem</strong></span> <span class='ocrx_word' id='word_1_242' title='bbox 1397 2714 1535 2761; x_wconf 85' lang='lat' dir='ltr'><strong>famis</strong></span> <span class='ocrx_word' id='word_1_243' title='bbox 1557 2730 1640 2762; x_wconf 92' lang='lat' dir='ltr'><strong>ne-</strong></span> 
     </span>
    </p>
   </div>
   <div class='ocr_carea' id='block_1_5' title="bbox 269 2874 486 2925">
    <p class='ocr_par' dir='ltr' id='par_1_5' title="bbox 269 2874 486 2925">
     <span class='ocr_line' id='line_1_32' title="bbox 269 2874 486 2925; baseline 0.018 -13"><span class='ocrx_word' id='word_1_244' title='bbox 269 2876 286 2912; x_wconf 79' lang='lat'>1</span> <span class='ocrx_word' id='word_1_245' title='bbox 300 2904 308 2912; x_wconf 92' lang='lat'>.</span> <span class='ocrx_word' id='word_1_246' title='bbox 341 2874 486 2925; x_wconf 84' lang='lat' dir='ltr'><strong>Poissy.</strong></span> 
     </span>
    </p>
   </div>
  </div>
 </body>
</html>
