2086 3528
710 343 856 381 LIBER
881 344 1100 382 TERTIUS.
1528 347 1602 383 157

189 433 478 489 Francorum
513 425 615 489 regi.
631 425 823 490 suisque
845 443 947 475 non
971 427 1122 475 invisa
1155 442 1244 475 nec
1273 427 1460 492 ingrata
1492 428 1598 477 fuit.

189 503 790 566 Quemadmodumenim‚
821 514 875 552 ut
901 506 1100 569 tragicus
1125 505 1281 570 inquit
1298 543 1310 566 ‚
1337 521 1505 571 pacem
1527 523 1606 554 re-

189 583 301 632 duci
323 582 444 631 velle
478 582 605 628 victo
639 597 832 629 necesse
862 591 961 641 est,
989 582 1056 630 sic
1087 591 1133 629 et
1157 582 1324 629 victori
1358 583 1552 649 expedit
1573 586 1602 631 ¹.

189 664 300 709 Erat
335 660 499 724 utique
534 658 671 706 valde
712 659 972 724 expediens
1007 669 1054 707 et
1098 660 1208 722 regia
1231 670 1277 707 et
1311 669 1414 708 toto
1457 678 1606 725 regno

190 742 502 795 Francorum,
530 736 857 784 miserabiliter
884 737 1066 802 ubique
1091 737 1307 785 desolato
1333 748 1381 786 et
1409 740 1570 787 attrito
1590 777 1603 799 ‚

191 815 473 878 utaliquus
503 823 677 877 treugae
708 814 782 861 vel
815 814 947 879 pacis
979 813 1310 862 consolatione
1336 816 1605 881 respiraret.

191 889 510 958 Cumjitaque
549 909 694 958 supra
727 894 902 957 treugis
939 903 1082 958 atque
1118 894 1393 958 nuptiarum
1431 894 1610 942 foedere

191 972 327 1037 multi
339 981 603 1019 conventus
620 988 960 1036 sermonesque
982 971 1134 1018 habiti
1156 972 1266 1019 satis
1284 972 1368 1019 diu
1387 972 1605 1031 fuissent,

191 1049 386 1114 tandem
405 1047 665 1115 [tractatus]
681 1049 741 1096 de
762 1059 966 1112 utroque
988 1047 1241 1096 ambarum
1263 1050 1472 1114 partium
1493 1067 1611 1098 con-

193 1144 335 1176 sensu
356 1127 570 1174 firmatus
589 1126 703 1186 fuit;
730 1126 1015 1190 fueruntque
1033 1124 1209 1190 treugae
1231 1127 1357 1174 initae
1381 1137 1428 1174 et
1445 1128 1613 1191 juratae

191 1206 316 1255 inter
337 1223 471 1270 reges
493 1216 539 1254 et
560 1221 706 1270 regna
723 1242 735 1266 ‚
764 1205 1000 1252 foederatis
1031 1206 1278 1270 utriusque
1314 1206 1362 1252 in
1392 1207 1459 1254 eis
1483 1223 1615 1254 com-

193 1284 456 1349 prehensis,
484 1287 601 1342 Quae
635 1293 810 1348 treugae
840 1284 997 1349 primo
1026 1283 1223 1346 quidem
1255 1282 1317 1330 ad
1354 1285 1615 1331 triennium

195 1363 270 1423 vel
292 1363 520 1422 circiter¹,
544 1362 632 1409 sub
667 1379 751 1427 spe
780 1363 911 1427 pacis
946 1362 992 1408 in
1003 1362 1141 1409 terim
1165 1362 1422 1410 tractandae
1443 1398 1455 1420 ‚
1488 1363 1618 1411 factae

195 1441 402 1501 fuerunt,
429 1440 741 1506 postmodum
765 1457 880 1488 vero
905 1456 991 1505 per
1014 1440 1166 1487 varias
1183 1441 1311 1487 vices
1329 1451 1613 1504 prorogatae,

196 1528 249 1565 ut
263 1519 324 1566 ad
341 1518 728 1583 quinquennium
743 1534 910 1582 usque,
930 1517 1004 1564 vel
1018 1518 1164 1582 paulo
1179 1517 1404 1582 amplius,
1428 1535 1619 1583 proces—

195 1598 360 1644 serint.
390 1599 628 1654 Quantam
653 1605 815 1642 autem
839 1595 1090 1642 utilitatem
1121 1595 1313 1642 Francis
1342 1595 1586 1643 attulerint
1603 1632 1615 1655 ,

198 1675 247 1722 in
269 1673 695 1739 consequentibus,
718 1673 757 1720 si
778 1676 908 1720 Deus
928 1672 1206 1731 donaverit,
1234 1672 1560 1720 ostendemus.

262 1755 471 1800 Fuerunt
503 1751 647 1798 etiam
683 1767 796 1798 cum
831 1753 1118 1814 Margareta,
1161 1749 1258 1796 filia
1286 1750 1466 1815 praesati
1500 1752 1621 1815 regis

199 1830 382 1889 Siciliae,
407 1846 492 1895 per
511 1829 703 1876 Henrici
720 1830 841 1892 regis
858 1829 1118 1893 Anglorum
1141 1839 1480 1893 procuratores
1493 1866 1504 1888 ,
1531 1830 1624 1876 suf-

200 1907 378 1955 ficienti
397 1906 567 1955 adhoc
581 1916 814 1971 potestate
836 1907 1070 1966 suffultos,
1092 1906 1332 1971 sponsalia
1354 1908 1626 1972 nuptiaeque

201 1987 509 2046 contractae⁸3
537 1996 678 2051 atque
707 1986 820 2051 ipsis
854 1985 966 2032 duci
1004 1984 1239 2032 Sufsolciae
1278 1995 1326 2032 et
1360 1985 1626 2050 Anglorum

203 2063 482 2130 proceribus
518 2063 691 2111 tradita
720 2063 807 2110 fuit
840 2064 942 2128 ipsa
976 2062 1135 2128 puella
1161 2079 1188 2109 a
1229 2063 1538 2127 parentibus,
1564 2063 1628 2111 ad

205 2142 426 2190 maritum
450 2154 592 2188 suum
614 2140 900 2188 deducenda
917 2141 966 2186 in
992 2140 1209 2204 Angliam
1230 2157 1343 2188 cum
1375 2157 1628 2188 ornamen-

205 2221 264 2268 tis
286 2230 334 2268 et
349 2219 690 2286 paranymphis
708 2255 721 2279 ‚
747 2229 929 2266 tantam
953 2229 1000 2266 et
1028 2228 1162 2266 tanto
1187 2228 1390 2284 nuptam
1423 2219 1627 2284 principi

207 2298 598 2347 condecentibus.
627 2300 735 2345 Non
771 2307 930 2345 tamen
962 2298 1121 2344 statim
1154 2297 1203 2342 in
1242 2296 1454 2361 Angliam
1485 2296 1628 2344 ducta

209 2376 296 2423 suit
314 2393 425 2423 cum
445 2377 656 2441 primum
677 2386 852 2440 treugae
875 2375 1006 2422 factae
1022 2375 1214 2422 fuerunt
1231 2412 1244 2436 ,
1266 2374 1350 2422 sed
1371 2385 1628 2440 postquam

210 2455 259 2501 in
286 2453 496 2517 Angliam
526 2470 740 2501 reversus
778 2453 935 2500 dictus
971 2453 1068 2500 dux
1091 2451 1326 2500 Suffolciae
1347 2489 1359 2513 ‚
1385 2453 1558 2500 iterum
1584 2462 1630 2499 et

266 2573 283 2608 1
297 2602 306 2611 .
336 2573 430 2609 Vers
451 2571 632 2609 retourne
650 2571 698 2609 de
720 2571 908 2610 l’Her-cule
925 2573 1095 2608 Furieux
1112 2569 1161 2608 de
1183 2569 1373 2622 seneque.

267 2632 307 2671 2.
338 2633 393 2668 La
425 2631 534 2669 treve
558 2643 607 2669 ne
634 2631 692 2669 fut
720 2631 881 2669 conclue
909 2643 983 2681 que
1015 2643 1116 2682 pour
1151 2630 1391 2683 vingt-deux
1419 2629 1539 2676 mois,
1579 2628 1631 2667 du

217 2692 270 2728 1⁹¹
297 2690 424 2738 juillet
451 2692 553 2728 1444
583 2703 632 2728 au
657 2693 711 2728 1⁸¹·
735 2690 835 2730 avril
868 2692 987 2730 1446.
1015 2693 1144 2728 L’acte
1171 2698 1228 2729 est
1257 2690 1352 2728 dans
1379 2688 1601 2728 Monstrelet
1619 2720 1629 2737 ,

216 2749 242 2787 l.
265 2752 304 2788 ΙΙ
320 2779 330 2798 ,
350 2750 412 2789 ch.
434 2764 594 2788 ccrxxv.

272 2813 310 2849 3.
341 2813 394 2848 Le
417 2810 587 2863 mariage
608 2823 656 2849 ne
682 2811 739 2849 fut
763 2811 956 2852 contracte
982 2802 1100 2864 qu'au
1121 2811 1219 2850 mois
1249 2809 1386 2850 d’avril
1412 2808 1460 2849 de
1481 2807 1632 2848 l'anne'e

218 2870 393 2909 suivante
414 2870 548 2922 (1445)
573 2872 594 2909 ὲ
614 2871 746 2910 Nanci.
