2086 3528
681 365 825 401 LIBER
851 364 1095 412 QUARTUS.
1527 366 1603 403 209

191 447 332 512 igitur
350 447 502 495 multo
522 456 631 512 post
649 456 883 511 tempore,
901 446 1049 493 totius
1068 462 1163 493 suae
1181 446 1410 510 equestris
1429 446 1605 494 militiae

191 524 422 589 majorem
457 525 731 591 portionem
761 524 900 587 jussit
934 540 1018 571 rex
1047 524 1190 571 armis
1226 523 1419 588 aggredi
1456 533 1606 572 terras

192 604 518 665 Normanniae‚
545 619 663 668 quas
691 602 875 667 Anglici
901 602 1219 668 occupabant.
1250 601 1501 650 Accersivit
1522 619 1607 650 au·

192 690 288 728 tem
307 682 484 747 pariter
505 691 553 729 et
568 681 794 728 comitem
809 681 1164 740 Sancti-Pauli²,
1189 681 1290 745 qui,
1308 681 1507 728 collecta
1527 681 1611 727 mi·

192 757 313 806 litari
347 775 524 818 manu,
560 775 655 805 una
686 775 797 805 cum
837 758 1014 806 comite
1039 757 1097 806 de
1120 761 1253 822 Augo
1274 760 1304 813 ²,
1342 758 1529 805 circiter
1550 757 1611 804 ad

194 835 281 883 tria
305 835 451 884 millia
472 836 715 901 equitum,
742 836 876 900 equis
893 846 941 883 et
962 837 1106 883 armis
1140 837 1320 901 optime
1349 836 1612 884 instructo-

193 931 327 972 rum,
366 931 414 961 se
448 931 546 962 una
580 931 692 961 cum
733 914 877 961 altera
915 914 1038 977 regis
1077 913 1244 961 militia
1278 923 1610 978 aggregantes,

193 991 321 1040 circa
360 991 531 1039 festum
569 991 697 1039 beati
731 991 998 1038 Laurentii³
1030 991 1093 1039 ad
1127 991 1405 1039 suburbana
1444 991 1614 1057 oppidi

192 1069 635 1118 Pontis-Odomari'‘
659 1079 812 1117 castra
841 1078 1125 1134 posuerunt.
1164 1072 1501 1117 Convenerant
1529 1086 1613 1118 au·

194 1156 290 1195 tem
328 1147 424 1195 illic
467 1148 664 1213 quidam
710 1147 972 1211 Anglorum
1005 1147 1174 1207 duces,
1215 1147 1437 1195 videlicet
1470 1146 1612 1195 Falco

195 1226 388 1272 Ectonis
427 1236 474 1273 et
515 1225 768 1273 Osburnus
807 1225 868 1272 de
908 1225 1233 1288 Monteforti⁶‚
1280 1225 1466 1272 circiter
1504 1243 1614 1272 cum

194 1303 465 1368 quingentis
490 1303 721 1369 Anglicis,
748 1320 848 1351 uno
872 1303 949 1351 vel
978 1303 1170 1352 duobus
1203 1303 1373 1352 diebus
1399 1314 1509 1351 ante
1532 1301 1620 1351 ad->

193 1391 392 1429 ventum
415 1385 732 1440 Francorum,
771 1382 969 1430 fortasse
992 1381 1053 1430 de
1075 1398 1353 1447 aggressura
1373 1382 1500 1429 iuius
1528 1399 1618 1447 op-

198 1458 296 1524 pidi
316 1458 498 1524 aliquid
522 1460 743 1526 suspicati
766 1460 843 1507 vel
872 1461 1016 1510 etiam
1039 1460 1266 1508 certiores
1287 1459 1472 1519 effecti3
1498 1476 1621 1523 quos

195 1547 354 1586 tamen
378 1537 445 1585 ibi
478 1555 578 1586 esse
599 1540 892 1585 Francorum
917 1536 1063 1589 duces
1085 1537 1306 1602 primitus
1326 1535 1619 1584 nesciebant.

261 1619 383 1664 Cum
424 1634 536 1665 vero
578 1615 748 1664 diebus
782 1615 973 1663 duobus
1006 1625 1088 1663 aut
1125 1615 1277 1662 tribus
1314 1614 1410 1661 illic
1450 1614 1621 1661 Franci

197 1696 424 1744 remorati
457 1694 680 1754 fuissent,
721 1710 820 1742 non
862 1694 1025 1759 utique
1055 1694 1358 1758 propositum
1393 1690 1624 1739 habentes

198 1774 356 1840 ipsum
378 1773 613 1839 oppidum
635 1771 890 1820 obsidendi
906 1809 918 1832 ‚
941 1789 1053 1819 cum
1069 1770 1223 1819 nullas
1245 1768 1360 1818 beili
1375 1768 1623 1816 machinas

200 1851 262 1899 ad
290 1850 340 1898 id
371 1850 619 1916 requisitas
641 1849 963 1909 advexissent,
987 1848 1073 1897 sed
1096 1864 1247 1912 equos
1270 1847 1519 1895 dumtaxat
1539 1845 1624 1894 ha·

200 1928 370 1976 berent
392 1937 439 1976 et
463 1945 597 1976 arma
615 1965 626 1987 ,
652 1928 815 1994 paucis
846 1926 1055 1992 exceptis
1088 1925 1284 1973 munitis
1313 1923 1624 1972 bombardel-

200 2005 256 2055 lis
273 2045 285 2068 ‚
311 2006 396 2055 sed
419 2007 739 2056 existimantes
766 2022 816 2053 se
849 2005 1015 2052 locum
1045 2003 1228 2069 absque
1262 2003 1470 2051 militum
1507 2019 1626 2067 prae-

203 2085 324 2134 sidio
358 2086 671 2153 improvisum
709 2100 946 2149 occupare
993 2092 1040 2130 et
1080 2082 1334 2148 praeripere
1354 2117 1367 2142 ,
1401 2091 1540 2145 turpe
1580 2087 1628 2126 et

205 2165 486 2213 indecorum
508 2172 791 2231 reputarunt
814 2163 852 2209 si
876 2163 937 2210 ab
966 2179 1024 2209 eo
1061 2161 1199 2220 loco,
1234 2159 1415 2225 absque
1448 2155 1629 2222 aliquid

207 2243 551 2309 praetentando,
580 2241 898 2292 discederent.
927 2243 1104 2300 Porr0‚
1129 2256 1228 2286 non
1252 2244 1523 2304 exspectato
1548 2233 1632 2281 du-

208 2337 318 2369 cum
355 2321 555 2387 imperio
576 2358 587 2379 ,
629 2321 751 2367 forte
789 2318 991 2382 contigit
1038 2327 1092 2365 ut
1126 2315 1325 2382 quidam
1362 2313 1632 2378 sagittarius

210 2416 321 2447 cum
342 2416 455 2447 arcu
480 2397 627 2446 telum
650 2414 735 2445 seu
757 2397 973 2462 sagittam
995 2395 1243 2459 igniferam
1267 2395 1330 2443 ad
1353 2403 1532 2442 tectum
1551 2407 1633 2438 cu-

266 2586 304 2622 1.
334 2581 451 2622 Louis
470 2580 518 2621 de
537 2579 812 2634 Luxembourg
828 2611 838 2630 ,
857 2590 983 2620 comte
998 2580 1047 2618 de
1067 2578 1284 2619 Saint-Pol.

266 2646 306 2684 2.
336 2641 493 2682 Charles
512 2640 681 2680 d’Artois
697 2671 707 2689 ,
727 2650 852 2681 comte
872 2641 984 2680 d’Eu.

270 2707 306 2742 3.
337 2705 391 2742 Le
410 2700 546 2755 depart
565 2699 612 2740 de
632 2711 729 2741 cette
747 2702 878 2741 armee
896 2710 962 2741 eut
980 2701 1059 2739 lieu
1078 2701 1115 2739 le
1135 2701 1158 2736 8
1178 2699 1283 2737 aout.

269 2766 308 2803 4.
339 2762 670 2802 Pom-Audemer.
1051 2803 1055 2806 Δ

271 2819 310 2864 3.
340 2822 534 2874 Fouhgues
560 2825 703 2861 Hetton
731 2832 769 2862 et
786 2821 942 2862 Osburn
963 2821 1011 2859 de
1036 2817 1224 2858 Montfort
1238 2845 1250 2865 ,
1275 2814 1458 2854 tresorier
1477 2812 1525 2851 de
1544 2815 1644 2851 Nor-

220 2883 388 2924 mandie.

327 2961 344 2987 1
1407 2939 1457 2976 14
