2086 3528
503 369 553 406 72
889 368 1231 409 HISTORIARUM
1257 370 1442 408 CAROLI
1466 371 1536 408 VII

503 451 680 524 ducatu
695 451 936 515 signisque
946 452 1043 499 suis
1055 451 1354 518 militaribus,
1374 454 1651 502 fortissimas
1663 455 1922 520 Anglorum

501 543 634 574 arces
657 536 705 574 et
727 527 1018 575 munitiones
1041 528 1316 594 irruperunt
1344 540 1487 595 atque
1515 540 1848 597 penetrarunt,
1870 541 1923 580 ut

502 604 635 652 nullo
660 622 796 670 paene
827 606 1021 669 negotio
1050 623 1126 657 res
1153 617 1250 655 tam
1281 608 1457 656 arduas
1479 619 1623 674 atque
1648 609 1923 674 magnificas

501 692 670 730 contra
686 683 1002 731 validissimos
1015 683 1177 732 hostes
1191 701 1354 748 gerere
1369 686 1663 735 viderentur.
1676 689 1925 753 Expugna-

502 760 559 806 tis
583 760 745 825 itaque
770 760 960 808 duabus
978 771 1060 809 aut
1081 761 1234 809 tribus
1252 779 1309 810 ex
1331 763 1444 828 ipsis
1458 764 1677 825 bastiliis,
1702 765 1832 812 caesis
1848 764 1923 812 fu-

501 838 662 903 sisque
696 839 940 901 hostibus,
981 840 1063 905 qui
1101 841 1152 887 in
1189 841 1366 889 caeteris
1400 852 1704 907 supererant,
1743 841 1924 891 eisdem

502 916 699 979 relictis,
725 934 813 983 per
844 918 1004 982 sugam
1036 917 1174 965 saluti
1207 934 1303 965 suae
1335 919 1583 967 consulere
1613 929 1879 968 statuerunt
1891 921 1920 968 ¹.

503 995 679 1042 Castris
703 1005 864 1044 autem
887 996 1103 1062 ipsorum
1129 996 1391 1060 Anglorum
1412 995 1626 1062 direptis,
1652 1014 1784 1046 arces
1814 998 1926 1063 ipsae

504 1088 588 1119 seu
621 1071 839 1133 bastiliae,
866 1090 971 1138 quae
992 1091 1082 1140 pro
1115 1075 1277 1122 castris
1300 1074 1362 1122 ab
1384 1074 1521 1140 ipsis,
1546 1075 1694 1124 instar
1723 1076 1928 1143 oppido·

505 1167 614 1196 rum
642 1167 724 1198 seu
764 1151 1096 1213 castellorum,
1134 1151 1274 1216 lignis
1310 1152 1647 1218 lapidibusque
1681 1163 1928 1202 exstructae

507 1238 660 1289 erant,
681 1244 850 1276 omnes
867 1240 1087 1277 crematae
1103 1239 1230 1291 sunt,
1247 1239 1295 1278 et
1316 1230 1383 1278 sic
1405 1231 1587 1291 civitas,
1612 1230 1755 1296 longa
1769 1231 1929 1280 inedia

508 1305 699 1370 fatigata
715 1316 768 1354 et
795 1307 1039 1367 confecta,
1067 1307 1241 1367 taliter,
1270 1307 1437 1355 divino
1467 1319 1586 1356 nutu
1616 1318 1758 1374 atque
1789 1310 1930 1358 mise·

507 1384 718 1443 ratione,
750 1383 839 1431 sub
873 1384 1051 1432 ducatu
1085 1384 1322 1451 praedictae
1354 1388 1574 1447 Joannae,
1600 1383 1933 1450 hujuscemodi

509 1461 734 1527 periculis
757 1472 900 1527 atque
922 1463 1243 1511 incommodis
1265 1463 1462 1511 liberata
1482 1474 1569 1511 est.

578 1540 803 1605 Reliquiae
820 1551 982 1589 autem
1003 1542 1264 1607 Anglorum
1286 1541 1348 1590 ad
1365 1542 1552 1591 diversa
1569 1542 1749 1609 oppida
1765 1552 1812 1591 et
1829 1543 1936 1592 loca

512 1617 820 1665 trans1erunt.
861 1621 994 1676 Quos
1031 1628 1218 1667 tantum
1262 1636 1443 1667 nomen
1484 1619 1703 1685 famaque
1737 1620 1932 1682 Puellae,

513 1711 619 1760 quae
641 1703 756 1742 ωηο
775 1712 862 1761 per
880 1712 1078 1744 omnem
1100 1696 1302 1744 Galliam
1323 1697 1544 1744 omnium
1567 1713 1650 1745 ore
1673 1697 1939 1747 celebraba-

513 1782 609 1832 tur,
626 1773 874 1820 exterritos
891 1783 1072 1837 egerat,
1091 1783 1142 1820 ut
1158 1773 1279 1820 nihil
1290 1790 1444 1839 prope
1458 1774 1559 1839 spei
1573 1775 1622 1821 in
1640 1774 1935 1838 defensione,

514 1850 600 1898 sed
617 1851 667 1898 in
685 1850 786 1898 sola
805 1851 915 1914 fuga
932 1850 1205 1917 praesidium
1224 1867 1467 1917 superesse
1484 1851 1664 1899 eisdem
1677 1852 1936 1901 videretur.

519 1931 586 1975 Ex
608 1938 725 1975 tunc
741 1928 1008 1992 Anglicanae
1027 1929 1204 1993 sagittae
1229 1928 1341 1975 ferri
1363 1928 1485 1976 acies
1511 1938 1692 1987 retusa,
1713 1929 1941 1994 quemad-

520 2006 722 2054 modum
743 2023 828 2072 per
850 2017 978 2067 ante,
1006 2016 1256 2071 penetrare
1280 2022 1380 2053 non
1403 2006 1587 2071 potuit3
1619 2023 1676 2054 ex
1705 2016 1821 2055 tunc
1843 2007 1939 2055 for·

521 2094 645 2131 tunae
667 2101 832 2131 cursus
864 2085 1168 2146 immutatus,
1204 2100 1263 2131 ex
1293 2093 1407 2130 tunc
1433 2087 1729 2132 Francorum
1758 2101 1833 2132 res
1859 2084 1943 2132 de-

515 2164 651 2228 jectae
674 2173 1018 2229 prostrataeque
1038 2163 1152 2227 erigi
1170 2172 1216 2210 et
1234 2163 1282 2209 in
1301 2179 1436 2227 spem
1454 2163 1701 2210 meliorem
1716 2162 1938 2224 relevari,

521 2241 784 2305 Anglorum
806 2258 944 2301 vero,
974 2257 1093 2306 quas
1117 2239 1484 2288 secundissimas
1505 2239 1737 2287 hactenus
1759 2238 1944 2288 habue-

520 2330 655 2380 rant,
682 2330 811 2367 retro
844 2321 991 2367 fluere
1023 2318 1265 2383 dilabique
1298 2327 1561 2384 coeperunt.
1604 2322 1779 2366 Tantus
1815 2319 1944 2367 enim

520 2415 577 2446 ex
601 2398 705 2446 solo
740 2398 910 2446 Puellae
935 2398 1133 2445 nomine
1167 2411 1338 2445 eorum
1369 2395 1539 2444 animis
1563 2413 1715 2462 pavor
1738 2396 1945 2445 incesse-

521 2485 593 2524 rat
624 2486 676 2522 ut
706 2485 1004 2524 sacramento
1040 2491 1216 2539 magno
1248 2490 1416 2522 eorum
1449 2473 1642 2539 plurimi
1671 2473 1942 2536 firmarent,

520 2553 683 2618 quod,
708 2554 814 2602 solo
838 2571 895 2601 eo
920 2553 1084 2600 audito
1119 2562 1200 2600 aut
1231 2551 1330 2616 ejus
1361 2551 1630 2617 conspectis
1661 2552 1832 2616 signis,
1856 2567 1946 2600 nec

519 2632 786 2681 reluctandi
825 2632 948 2680 vires
979 2632 1291 2695 animumque
1315 2629 1393 2676 vel
1415 2646 1551 2677 arcus
1582 2629 1873 2678 extendendi
1901 2637 1948 2677 et

574 2769 611 2807 1.
642 2769 741 2805 Tout
759 2779 801 2805 ce
821 2764 915 2804 recit
934 2764 982 2803 de
1004 2764 1186 2815 l'attaque
1207 2771 1245 2801 et
1264 2762 1312 2800 de
1330 2761 1368 2800 la
1381 2761 1483 2814 prise
1504 2761 1572 2800 des
1590 2761 1761 2801 bastilles
1780 2760 1829 2800 de
1848 2759 1946 2802 l'au-

518 2837 575 2866 tre
593 2827 677 2866 οόῑὲ
700 2827 748 2866 de
769 2828 805 2866 la
823 2826 952 2874 Loire,
975 2835 1032 2864 est
1055 2837 1131 2863 une
1148 2837 1297 2864 erreur.
1317 2825 1372 2862 La
1390 2822 1484 2861 ville
1505 2823 1561 2861 fut
1580 2821 1751 2862 delivree
1770 2821 1838 2861 des
1867 2832 1945 2873 que

519 2887 574 2925 les
589 2887 774 2939 positions
795 2885 843 2925 de
862 2885 899 2925 la
919 2884 1002 2924 rive
1021 2883 1170 2937 gauche
1190 2891 1327 2922 curent
1345 2883 1404 2922 cte
1423 2883 1586 2923 forcees.
