2086 3528
513 401 592 438 232
860 378 862 380 ’
900 396 1246 436 msTomARUM
1272 396 1454 435 CAROLI
1478 397 1550 436 vu

515 483 578 530 ad
611 491 863 529 venturam
899 489 1111 527 aestatem
1141 479 1412 528 differretur
1437 479 1566 545 (quo
1590 489 1834 545 tempore,
1860 496 1934 529 re-

514 560 716 625 sumptis
754 557 950 617 animis‚
991 557 1154 605 hostes
1194 557 1316 606 forte
1349 568 1515 623 parata
1549 557 1722 618 classe,
1763 559 1936 607 exactis

513 638 724 686 hibernis
743 635 1014 695 mensibus,
1044 653 1156 684 cum
1177 636 1362 700 magnis
1386 635 1535 701 copiis
1553 635 1810 684 adventare
1831 652 1938 702 pos-

514 715 680 779 sent),
715 713 826 761 licet
850 729 1016 778 aspera
1046 722 1150 760 tum
1170 712 1324 760 hiems
1349 722 1493 772 esset,
1518 713 1937 779 Haressutumpri-

514 810 664 854 mum,
686 790 862 839 deinde
877 791 1243 853 Honnessutum‚
1267 789 1537 838 firmissima
1555 801 1699 856 atque
1722 790 1938 839 munitis-

512 871 634 919 sima
656 869 854 936 oppida,
880 867 1213 916 obsidionibus
1232 868 1398 915 validis
1412 869 1712 916 constrinxit.
1737 868 1940 917 Gelabat

513 959 628 996 tunc
653 947 935 1011 rigidissime
949 983 962 1006 ‚
989 946 1055 994 ita
1089 956 1142 993 ut
1164 946 1335 1011 glacies
1358 963 1523 994 cursus
1546 947 1689 995 etiam
1710 948 1940 997 retineret

513 1026 793 1085 fluminum,
829 1035 1063 1088 erantque
1099 1025 1199 1089 agri
1240 1023 1421 1089 ubique
1456 1024 1646 1072 nivibus
1682 1025 1935 1092 adoperti;

513 1103 598 1152 sed
615 1140 628 1164 ‚
660 1120 760 1150 non
784 1119 842 1150 eo
870 1102 1057 1163 minUS‚
1092 1118 1178 1149 rex
1208 1111 1256 1149 et
1289 1102 1362 1149 sui
1388 1102 1561 1149 milites
1579 1139 1592 1161 ‚
1618 1102 1668 1149 in
1702 1103 1940 1168 specubus

514 1181 666 1228 humo
708 1179 907 1227 defossis
921 1217 935 1242 ,
969 1179 1094 1227 virili
1130 1178 1307 1227 robore
1346 1180 1626 1244 ingentique
1663 1179 1942 1230 fortitudine

514 1269 791 1307 constanter
812 1259 861 1305 in
890 1257 1144 1306 obsidione
1166 1257 1455 1319 manebant,
1483 1257 1640 1306 donec
1661 1257 1942 1308 bombardis

516 1347 659 1402 atque
680 1336 899 1402 petrariis
925 1335 1166 1383 moenibus
1187 1334 1497 1400 turribusque
1522 1335 1692 1383 dirutis
1714 1345 1762 1383 et
1779 1336 1943 1402 dejec-

519 1416 599 1477 tis,
627 1424 815 1463 tantum
838 1424 993 1461 metus
1016 1413 1313 1480 periculique
1331 1413 1552 1462 hostibus
1574 1415 1864 1480 injecerunt,
1889 1425 1944 1465 ut

520 1511 603 1541 eos
629 1493 691 1540 ad
714 1492 1010 1540 deditionem
1030 1501 1361 1558 perurgerent.

588 1570 729 1618 Unde
747 1571 851 1636 pari
870 1570 1147 1618 necessitate
1165 1579 1307 1635 atque
1322 1569 1574 1633 violentia,
1597 1570 1834 1623 ambobus
1855 1570 1947 1620 illis

521 1650 713 1716 oppidis
730 1650 994 1698 successive
1015 1649 1065 1696 in
1086 1650 1295 1697 maximo
1312 1648 1483 1697 hiemis
1498 1651 1654 1715 rigore
1673 1651 1943 1713 coarctatis,

519 1746 626 1795 quae
647 1738 815 1776 contra
837 1728 983 1775 totius
1005 1728 1139 1792 regni
1157 1729 1422 1794 potentiam
1447 1745 1496 1777 se
1522 1746 1664 1794 posse
1689 1729 1948 1779 defendere

522 1808 705 1872 Anglici
732 1806 1006 1872 jactabant,
1041 1807 1211 1855 eadem
1239 1824 1322 1855 rex
1355 1807 1481 1855 infra
1514 1809 1722 1874 spatium
1760 1809 1950 1858 circiter

524 1885 735 1934 duorum
769 1886 1009 1934 mensium
1041 1902 1136 1933 suae
1164 1885 1362 1933 ditionis
1391 1885 1549 1934 effecit
1565 1888 1594 1934 ¹.
1621 1886 1950 1936 Admoverant

524 1965 654 2012 enim
679 1964 741 2013 ad
767 1981 823 2013 ea
849 1964 1169 2030 expugnanda
1187 1963 1427 2012 mirabiles
1450 1964 1679 2030 petrarias
1705 1974 1752 2013 et
1773 1981 1948 2030 magno

523 2042 663 2091 valde
686 2060 891 2091 numero
906 2078 919 2101 ,
945 2059 1050 2108 quae
1072 2042 1243 2109 procul
1259 2042 1437 2103 dubio,
1460 2059 1572 2090 cum
1594 2059 1681 2108 per
1701 2042 1824 2091 duos
1848 2043 1950 2092 dies

526 2138 691 2168 muros
715 2121 1023 2169 densissimos
1046 2130 1292 2185 turresque
1311 2120 1510 2185 hujusce
1527 2120 1822 2186 oppidorum
1843 2137 1951 2187 per-

525 2199 796 2261 cussissent,
820 2199 883 2247 ita
906 2199 1088 2258 hostes,
1111 2199 1194 2263 qui
1216 2214 1391 2263 magno
1414 2214 1618 2245 numero
1640 2198 1768 2245 intus
1793 2208 1947 2262 erant,

525 2278 900 2343 propugnaculis
942 2278 1352 2342 munimentisque
1389 2277 1486 2323 suis
1528 2276 1594 2324 ita
1636 2275 1953 2326 destituerant

525 2365 668 2421 atque
689 2356 1010 2418 nudaverant,
1037 2367 1089 2404 ut
1111 2374 1220 2418 eos,
1247 2356 1427 2422 absque
1450 2372 1625 2420 magno
1648 2357 1844 2422 negotio
1866 2372 1952 2406 seu

526 2433 803 2482 difficultate
821 2472 833 2496 ,
859 2452 947 2501 per
970 2435 1200 2482 insultum
1219 2451 1302 2482 rex
1323 2451 1493 2501 capere
1511 2444 1654 2500 atque
1676 2452 1951 2502 expugnare

526 2513 773 2579 potuisset.
800 2513 895 2561 Sed
933 2514 1057 2579 ipse,
1084 2514 1166 2577 qui
1202 2530 1392 2579 semper
1427 2513 1779 2562 humanitatem
1807 2524 1952 2581 atque

526 2591 946 2640 mansuetudinem
967 2591 1236 2640 crudelitati
1255 2591 1558 2658 praeferebat,
1584 2593 1694 2641 licet
1712 2593 1777 2642 ita
1799 2592 1952 2642 deter-

524 2671 640 2721 ritos
676 2680 724 2718 et
757 2669 818 2718 de
842 2669 992 2718 salute
1019 2669 1386 2735 quodammodo
1418 2670 1726 2737 desperantes
1744 2707 1757 2733 ,
1789 2670 1951 2722 hostes

577 2859 615 2896 1.
646 2860 701 2896 La
732 2855 925 2895 reddition
945 2854 1166 2895 d'Harfleur
1193 2863 1259 2894 eut
1278 2854 1357 2895 lieu
1376 2856 1414 2895 le
1437 2857 1492 2895 1⁸¹·
1505 2854 1660 2905 janvier
1679 2857 1785 2896 1⁴50
1802 2863 1842 2896 ot
1856 2854 1952 2896 cell·

522 2916 750 2957 d’Honfleur
769 2917 807 2956 le
827 2918 877 2955 18
902 2915 1057 2955 sevrier.
