2086 3528
398 394 474 431 332
825 393 986 430 INDEX
1014 389 1383 431 CAPITULORUM.

1723 466 1820 490 nens

398 507 610 542 curruum
624 518 688 545 v11.
701 525 751 533 —
765 505 896 549 Quales
911 505 1070 540 fortunas
1088 505 1173 539 urbs
1194 505 1413 540 Parisiorum
1431 506 1565 541 invenit
1583 518 1664 542 cum
1678 504 1725 541 ad

447 567 666 601 Francorum
683 565 885 600 dominium
907 565 1121 609 revertisset,
1148 573 1182 599 et
1199 564 1244 599 de
1259 564 1526 601 crudelitatibus
1549 566 1726 601 Scortioa-

448 636 566 662 torum
581 652 1720 663 ................................................
1753 626 1820 661 123

403 704 615 738 memm
632 715 710 737 vm.
726 723 773 728 —
789 703 842 737 De
858 701 1044 736 obsidione
1057 702 1172 749 posita
1189 701 1235 737 ad
1253 702 1429 750 oppidum
1444 703 1566 739 Calesii
1581 716 1646 750 per
1661 702 1728 738 du-

451 776 525 798 cem
542 762 757 810 Burgundiae
772 775 854 797 cum
873 763 943 797 suis
959 763 1166 810 Flamingis,
1184 771 1218 798 et
1234 763 1419 810 quomodo
1436 764 1549 799 levata
1565 764 1647 800 fuit.
1662 791 1670 800 .
1687 791 1694 799 .
1710 790 1719 799 .
1754 764 1822 800 125

403 842 616 876 Cnvruunu
630 854 680 875 1x.
694 861 743 868 —-
754 839 949 884 Quomodo
964 840 1137 887 Flamingi
1154 839 1199 874 de
1215 853 1277 875 sua
1291 840 1477 875 obsidione
1493 841 1673 888 fugerunt.
1688 867 1697 876 .
1712 867 1721 875 .
1758 840 1823 875 128

403 918 617 954 CAPrrULUM
633 932 669 954 x.
686 937 730 947 —-
743 920 796 954 De
818 928 971 965 quatuor
993 919 1204 953 exercitibus
1221 919 1266 953 ab
1285 919 1411 966 Anglia
1429 918 1556 954 eodem
1571 928 1730 966 tempore

452 979 498 1014 ad
522 979 676 1015 diversas
693 979 895 1026 provincias
916 978 1027 1012 missis
1045 1003 1725 1014 .............................
1757 978 1821 1012 131

405 1060 618 1095 Curi-unm
636 1072 684 1094 Χῖ.
702 1079 746 1087 -
762 1059 913 1094 Obsidio
944 1058 1101 1094 secunda
1123 1058 1296 1094 Harefluti
1319 1060 1364 1093 ab
1392 1059 1533 1106 Angfis,
1561 1067 1595 1093 et
1623 1057 1733 1106 ipsius

453 1120 623 1154 assecutio
631 1143 1728 1154 ..............................................
1760 1117 1826 1152 132

406 1199 620 1233 Cunnum
635 1208 699 1231 xu-
716 1216 763 1223 —
781 1196 996 1231 Insurrectio
1015 1195 1189 1231 Ludovici
1202 1223 1212 1240 ,
1230 1197 1398 1244 Delphini
1413 1196 1624 1231 Viennensis
1637 1222 1647 1240 ,
1664 1194 1734 1231 ad-

455 1269 574 1290 versus
590 1268 709 1302 regern
721 1255 890 1290 Carolum
902 1283 910 1298 ‚
930 1264 1064 1302 patrem
1080 1268 1183 1290 suum
1192 1281 1584 1291 .................
1597 1282 1609 1302 ¹.
1624 1281 1728 1291 .....
1762 1255 1830 1290 135

408 1334 621 1368 Cunnum
643 1345 719 1369 xm.
740 1353 789 1359 —
806 1334 965 1377 Qualiter
994 1334 1141 1368 Carolus
1169 1347 1231 1368 rex
1252 1334 1332 1368 urbi
1356 1334 1544 1369 parisiensi
1574 1332 1737 1368 subvenit

456 1391 695 1439 expugnando
709 1393 982 1427 Monsterolium
994 1421 1003 1438 ‚
1021 1392 1150 1428 Meldis
1161 1420 1171 1437 ,
1187 1394 1449 1441 Mentem-Argi
1465 1402 1498 1428 et
1514 1392 1734 1428 Credulium.
1763 1392 1831 1427 138

409 1469 622 1504 Cunnum
647 1483 722 1504 xrv.
739 1490 788 1496 —
803 1471 960 1514 Qualiter
976 1470 1160 1506 Pontisara
1178 1484 1198 1505 a
1216 1471 1344 1506 Carolo
1364 1484 1444 1518 rege
1463 1469 1660 1506 obsidetur.
1675 1496 1684 1505 .
1698 1495 1707 1504 .
1723 1496 1732 1504 .
1765 1470 1832 1504 139

410 1547 624 1582 Cluui-nunu
640 1560 699 1581 xv.
715 1566 765 1573 —
781 1548 1007 1595 Expugnatio
1028 1548 1219 1583 Pontisarae
1234 1561 1299 1595 per
1314 1548 1479 1582 Carolum
1491 1575 1500 1591 ,
1518 1548 1739 1582 Francorum

457 1621 574 1655 regem
590 1633 1733 1647 ................................................
1766 1610 1834 1644 144

412 1687 624 1720 Cunnum
642 1698 714 1721 xvt.
730 1705 780 1712 —
795 1686 943 1732 Capitur
966 1699 986 1720 a
1008 1687 1152 1722 Francis
1168 1687 1290 1722 civitas
1309 1688 1487 1732 Ebroicis,
1506 1696 1540 1722 et
1558 1699 1617 1721 rex
1632 1687 1742 1734 profi-

459 1744 601 1779 ciscitur
616 1743 662 1778 ad
686 1749 803 1778 Tartas
823 1745 860 1779 in
881 1745 1070 1791 Aquitania
1078 1771 1735 1782 ............................
1769 1747 1835 1780 147

412 1823 624 1858 CAPrrULUM
645 1835 731 1858 xvn.
749 1843 795 1850 —
819 1825 872 1858 De
891 1823 1118 1870 expeditione
1142 1837 1269 1871 magna
1291 1837 1397 1871 quam
1418 1825 1518 1872 prior
1543 1824 1617 1859 dux
1635 1825 1741 1860 Sum-

462 1884 600 1918 merseti
617 1884 753 1931 trajecit
771 1885 808 1918 in
830 1885 857 1918 F
859 1885 1016 1919 ranciam
1026 1910 1735 1921 ..............................
1770 1885 1836 1918 149

413 1963 628 1998 Cur-rurum
644 1975 746 1998 xvxu.
762 1983 806 1990 —
820 1964 872 1997 De
885 1963 1071 1998 obsidione
1089 1963 1214 2011 oppidi
1230 1963 1365 2011 Diepae,
1383 1972 1416 1998 et
1432 1963 1616 2010 quomodo
1632 1971 1742 1998 castra

462 2023 664 2069 Anglorum
681 2035 701 2056 a
719 2023 861 2057 Francis
877 2032 1075 2070 expugnata
1089 2032 1194 2069 atque
1208 2024 1348 2058 incensa
1367 2024 1509 2058 fuerunt
1515 2048 1736 2058 ..........
1769 2022 1836 2057 152

415 2099 627 2134 Cunnum
649 2112 720 2135 x1x.
736 2120 783 2126 —
796 2100 948 2134 Mittitur
963 2100 1096 2148 legatus
1116 2101 1160 2134 ab
1176 2101 1302 2148 Anglia
1316 2103 1354 2135 in
1370 2100 1534 2143 Galliam,
1552 2099 1598 2134 ad
1618 2109 1742 2148 peten-

463 2157 545 2192 dam
563 2172 713 2193 uxorem
728 2159 801 2207 regi
818 2161 1013 2207 Anglorum
1034 2160 1190 2194 Henrico
1207 2189 1215 2204 ,
1233 2160 1307 2195 dux
1326 2160 1503 2195 Suffolciae
1512 2185 1737 2195 ..........
1770 2160 1838 2194 154

416 2236 630 2271 Curi-uum
657 2249 717 2270 xx.
731 2256 777 2263 —
793 2237 952 2280 Qualiter
973 2238 1169 2284 Margareta
1185 2266 1194 2283 ‚
1223 2238 1295 2272 filia
1319 2237 1444 2272 Renati
1458 2264 1468 2280 ,
1487 2237 1612 2272 Siciliae
1629 2237 1740 2285 regis,

465 2293 676 2342 desponsata
703 2296 768 2330 fuit
792 2298 989 2343 Anglorum
1009 2298 1102 2344 regi,
1126 2307 1159 2332 et
1187 2310 1265 2332 cum
1293 2298 1363 2332 hoc
1385 2307 1514 2345 treugae
1533 2298 1631 2333 factae
1654 2298 1746 2333 inter

465 2366 562 2402 reges
577 2354 732 2389 Franciae
748 2364 781 2390 et
797 2356 931 2403 Angliae
939 2383 1740 2393 ..................................
1772 2358 1841 2394 156

926 2489 1066 2526 LIBER
1091 2489 1327 2533 QUARTUS.
1348 2497 1356 2502 ·

418 2596 631 2630 Cnrruum
645 2608 804 2631 ramum.
821 2617 869 2624 -—
880 2597 1021 2640 Quanta
1035 2597 1151 2632 laetitia
1164 2626 1172 2642 ‚
1190 2598 1319 2645 treugis
1335 2598 1434 2633 factis
1449 2628 1456 2644 ‚
1475 2611 1598 2634 omnes
1617 2599 1747 2634 Gallia·

466 2667 545 2689 rum
563 2656 716 2702 populos
733 2656 929 2703 perfuderit
938 2683 1742 2694 ..................................
1776 2660 1839 2695 161

419 2734 632 2767 Cunnum
647 2746 686 2768 11.
703 2753 752 2760 —
769 2733 976 2780 Quomodo,
996 2734 1151 2769 secundo
1167 2748 1261 2769 anno
1277 2744 1494 2783 treugarum,
1515 2748 1576 2770 rex
1592 2736 1750 2771 Franco-

468 2805 547 2826 rum
564 2805 644 2827 cum
661 2802 732 2828 tota
751 2794 872 2829 militia
890 2795 987 2841 regni
1004 2795 1040 2829 in
1055 2795 1319 2842 Lotharingiam
1338 2805 1387 2830 est
1400 2796 1579 2843 profectus
1587 2821 1741 2832 .......
1776 2797 1845 2832 163

423 2869 634 2905 CArtwum
651 2883 704 2905 m.
724 2892 770 2898 —
784 2872 944 2915 Qualiter
968 2885 1029 2906 rex
1055 2873 1201 2906 Caro⁷us
1215 2901 1223 2916 ,
1249 2873 1285 2906 in
1309 2873 1537 2920 Lotharingia
1561 2873 1725 2908 exsistens
