2086 3528
520 370 570 407 32
909 366 1254 406 HISTORIARUM
1279 366 1461 405 CAROLI
1486 366 1559 404 Vn

519 448 774 497 satellitum
813 447 953 496 turba
995 448 1240 513 stipatum,
1281 459 1328 496 et
1365 458 1539 515 putans
1581 446 1786 511 aliquem
1827 460 1941 493 esse-

519 527 787 592 princioem
826 543 910 573 seu
956 525 1130 574 ducem
1163 527 1393 586 militum,
1429 526 1675 575 salutasset
1709 541 1848 584 eum,
1881 532 1930 572 ct

518 615 684 670 postea
706 622 734 653 a
762 605 858 652 suis
891 604 1043 668 qualis
1075 615 1122 652 et
1154 621 1299 668 quam
1324 606 1426 653 vilis
1456 604 1747 653 conditionis
1777 602 1928 651 homo

518 691 664 742 esset,
689 682 849 729 fuisset
878 681 1097 742 edoctus,
1123 699 1235 730 eum
1257 693 1447 748 captum
1470 681 1705 748 supplicio
1738 679 1930 746 publice

518 759 729 819 affecit¹3
756 759 890 825 quod
921 759 1197 824 hujusmodi
1227 747 1419 809 sicarios
1449 761 1655 810 multum
1687 758 1945 825 repressiu-

977 943 1316 989 CAPlTULUM
1347 944 1466 990 XIII.

568 1049 728 1094 Qualiter
738 1049 825 1085 urbs
838 1049 1102 1097 Rothomagum
1116 1049 1161 1084 ab
1176 1049 1375 1097 Anglorum
1387 1062 1469 1098 rege
1483 1049 1622 1086 obsessa
1635 1057 1670 1085 et
1684 1058 1788 1098 capta
1803 1049 1881 1088 fuit.

585 1165 734 1209 Porro
754 1178 866 1210 cum
887 1160 997 1209 talia
1019 1160 1270 1225 agerentur
1291 1160 1341 1207 in
1359 1160 1489 1224 regia
1512 1160 1761 1208 Parisiensi
1780 1161 1944 1223 urbe,·

517 1240 781 1304 Anglorum
803 1255 885 1286 rex
910 1237 1335 1303 opportunitatem,
1369 1254 1426 1286 ex
1455 1237 1786 1301 hujuscemodi
1806 1239 1933 1289 ludis

516 1316 606 1365 sibi
630 1317 838 1385 allatam,
856 1332 957 1363 non
979 1316 1185 1380 segniter
1201 1325 1284 1364 aut
1300 1315 1593 1379 negligenter
1609 1316 1807 1364 transire
1827 1333 1934 1383 per-

517 1392 645 1440 misit
657 1410 671 1452 3
692 1391 777 1439 sed
798 1390 1038 1454 acquisitis
1059 1389 1284 1438 omnibus
1305 1407 1439 1456 paene
1459 1389 1649 1455 oppidis
1668 1399 1716 1438 et
1734 1390 1934 1439 castellis

516 1469 754 1518 inferioris
789 1468 1120 1528 Normanniae,
1146 1467 1209 1515 ad
1246 1467 1550 1516 obsidionem
1584 1467 1717 1516 urbis
1750 1467 1935 1515 Rotho-

515 1548 776 1611 magensis,
813 1545 1093 1611 metropolis
1120 1546 1267 1593 totius
1294 1546 1578 1611 provinciae,
1610 1546 1722 1594 totis
1754 1545 1935 1596 viribus

515 1626 759 1687 incubuit,
783 1641 949 1672 omnes
973 1640 1136 1671 secum
1157 1623 1341 1672 habens
1357 1641 1468 1671 suos
1489 1624 1539 1671 in
1564 1623 1814 1672 obsidione
1836 1638 1950 1689 ger··

516 1720 704 1752 manos.
739 1705 851 1749 Erat
880 1711 1041 1749 autem
1074 1700 1188 1748 urbs
1214 1702 1344 1767 ipsa,
1371 1711 1475 1750 tum
1504 1702 1815 1767 propriorum
1837 1718 1936 1751 nu-

517 1781 789 1830 merositate
814 1780 1013 1842 civium,
1040 1789 1144 1827 tum
1171 1796 1230 1827 ex
1261 1796 1499 1827 concursu
1527 1779 1848 1844 plurimorum
1877 1797 1934 1829 cx

516 1858 708 1925 oppidis
733 1868 780 1906 et
805 1859 928 1923 agris
956 1857 1171 1905 finitimis
1195 1874 1251 1905 ac
1275 1858 1422 1906 totius
1444 1858 1587 1905 etiam
1612 1859 1930 1921 Normanniae,

516 1938 600 2002 qui
625 1937 736 1984 illuc
763 1947 992 2000 tanquam
1016 1935 1077 1982 ad
1099 1935 1385 1982 tutissimam
1403 1934 1574 1982 urbem
1593 1935 1930 1999 confugerant,

517 2014 798 2063 mirabiliter
827 2013 1041 2062 conferta
1068 2022 1115 2060 et
1138 2012 1282 2078 plena
1304 2012 1504 2078 populo.
1536 2012 1630 2060 Sed
1652 2028 1708 2060 ea
1735 2029 1810 2060 res
1831 2029 1935 2062 ma-

511 2094 631 2158 joris
652 2092 933 2141 calamitatis
955 2092 1044 2157 ipsi
1072 2091 1182 2138 urbi
1204 2091 1359 2139 attulit
1382 2090 1655 2150 materiam3
1686 2106 1799 2138 nam
1822 2106 1934 2139 cum

515 2172 660 2235 longa
694 2170 955 2234 Anglorum
986 2168 1242 2216 obsidione
1278 2177 1609 2233 premerentur
1642 2177 1713 2228 et,
1745 2184 1837 2216 nec
1873 2167 1934 2216 de

516 2260 659 2310 terra,
689 2265 779 2295 nec
806 2247 867 2295 de
894 2247 1014 2294 mari
1036 2256 1118 2294 aut
1143 2245 1366 2306 flumine,
1394 2244 1492 2292 ulla
1515 2245 1558 2292 ei
1578 2244 1745 2293 solatia
1765 2261 1936 2311 prove—

517 2328 702 2389 nirent,
728 2335 828 2374 tam
849 2324 1008 2372 valida
1029 2333 1171 2388 atque
1198 2322 1441 2370 horrenda
1466 2322 1614 2370 fames
1638 2322 1752 2371 inde
1772 2333 1934 2372 secuta

517 2415 604 2467 est,
629 2414 699 2465 ut,
723 2402 1052 2452 deficientibus
1074 2401 1297 2449 humanis
1312 2400 1566 2462 alimentis,
1589 2417 1679 2448 nec
1702 2401 1837 2466 equis
1852 2411 1954 2450 aut·

517 2482 716 2531 canibus
734 2519 746 2542 ‚
785 2480 1020 2529 soricibus
1059 2495 1116 2527 ac
1151 2479 1427 2539 ratonibus‚
1461 2477 1537 2526 vel
1566 2478 1814 2543 quibusvis
1843 2479 1953 2529 im-·

518 2561 710 2609 mundis
732 2558 1017 2608 animalibus
1044 2557 1314 2606 abstentum
1342 2557 1441 2604 sit'.
1471 2560 1529 2605 Et
1551 2567 1604 2605 ut
1627 2557 1744 2606 olim
1766 2557 1953 2606 Hiero-·

573 2701 612 2739 ί.
650 2699 756 2738 Cette
783 2695 971 2736 anecdote
995 2709 1018 2734 a
1035 2695 1095 2733 ete
1121 2694 1326 2746 rapportee
1346 2696 1368 2732 a
1387 2707 1463 2746 peu
1483 2696 1571 2748 pres
1594 2695 1688 2735 dans
1711 2695 1767 2735 les
1789 2695 1934 2735 memes

518 2768 658 2815 termes
671 2771 742 2811 par
758 2760 780 2796 J
782 2770 855 2796 ean
869 2759 891 2796 J
893 2755 1058 2795 ouvenel
1079 2754 1146 2793 des
1164 2753 1301 2793 Ursins
1322 2757 1438 2803 (Hist.
1456 2757 1503 2794 de
1516 2757 1671 2796 Clearles
1692 2759 1760 2807 VI,
1776 2755 1826 2795 ad
1839 2769 1928 2796 ann.
1946 2774 1950 2780 ·

518 2822 654 2868 1418),
674 2818 741 2870 qui
761 2816 891 2856 l’avait
909 2815 1004 2855 tiree
1022 2815 1227 2854 lui-meme
1250 2814 1303 2852 du
1320 2816 1521 2866 Religieuae
1539 2817 1587 2853 de
1604 2818 1864 2855 Same-Dente.

571 2875 610 2913 2.
642 2874 853 2925 Comparer
869 2870 907 2909 le
924 2870 1020 2909 recit
1041 2868 1133 2908 d'un
1161 2868 1348 2908 historien
1368 2881 1561 2921 anonyme
1583 2868 1636 2908 du
1661 2869 1720 2908 roi
1743 2867 1930 2919 Hem-iv,
