2086 3528
532 342 580 379 30
911 341 1257 380 HISTORIARUM
1283 342 1465 381 CALOLI
1492 343 1565 380 vn

593 426 700 472 Non
723 433 883 472 autem
905 433 1238 489 opportunum
1264 434 1488 491 putamus
1505 425 1694 474 silentio
1709 427 1948 491 praeterire

526 502 781 550 seditiones
824 502 934 549 satis
970 500 1237 549 horrendas
1275 512 1418 568 atque
1455 502 1789 565 exsecrandaS‚
1827 520 1948 569 quas

525 579 826 645 plebeiorum
858 577 1009 626 turbae
1046 579 1096 626 in
1132 579 1236 644 ipsa
1268 581 1396 644 regia
1428 580 1576 641 urbe,
1608 590 1867 646 postquam
1895 582 1948 631 in

524 673 631 704 eam
672 656 1039 720 Burgundiones
1072 667 1372 721 receperant,
1410 657 1580 706 rabido
1619 668 1763 724 atque
1794 659 1947 727 impio

523 735 665 782 nimis
687 733 846 782 furore
867 735 1169 782 concitarunt
1191 745 1238 782 et
1258 736 1509 824 agitaruut.
1533 737 1772 803 Imprimis
1794 739 1947 787 comi-

524 822 622 861 tem
645 814 914 861 Armeniaci
934 813 1030 861 illic
1045 814 1295 860 inventum
1309 815 1420 878 ,qui
1444 814 1543 863 dux
1562 815 1739 863 militiae
1763 825 1812 863 et
1831 833 1949 864 con·

521 890 809 939 stabularius
853 891 1000 955 regis,
1043 900 1096 938 ut
1136 892 1474 956 praemisimus,
1519 902 1643 955 erat,
1690 892 1947 960 abreptum

522 969 685 1017 furens
702 979 749 1017 et
769 969 1009 1017 insaniens
1028 968 1198 1033 vulgus
1214 969 1470 1018 crudeliter
1485 971 1704 1037 peremit.
1724 974 1822 1020 Nec
1843 971 1948 1036 ejus

520 1047 704 1096 crudeli
749 1064 868 1096 nece
909 1047 1149 1108 contenti,
1193 1046 1255 1094 ab
1290 1047 1465 1112 injuria
1507 1049 1824 1114 quieverunt3
1861 1048 1946 1098 sed

521 1125 669 1191 ipsius
692 1142 871 1191 corpus
893 1125 1130 1174 nudatum
1147 1126 1197 1172 in
1213 1125 1359 1191 regali
1377 1126 1553 1192 palatio
1574 1144 1717 1193 super
1737 1143 1947 1176 marmo-

520 1219 653 1250 ream
681 1202 921 1251 tabulam¹
947 1213 1237 1268 posuerunt,
1264 1213 1328 1263 et,
1355 1204 1566 1253 detracta
1597 1214 1706 1253 cute
1729 1206 1946 1272 corporis

520 1280 583 1328 ad
601 1280 804 1328 modum
830 1282 985 1329 crucis
1004 1282 1169 1329 Sancti
1191 1281 1406 1341 Andreae,
1433 1283 1621 1347 signum
1643 1283 1944 1348 Burgundio-

519 1375 639 1405 num
667 1358 800 1406 carni
819 1375 914 1406 suae
933 1359 1305 1425 impresserunt3
1329 1360 1491 1408 multis
1506 1361 1652 1408 etiam
1676 1361 1944 1426 pugionum

518 1435 692 1484 ictibus
710 1447 853 1502 atque
868 1436 1146 1485 vulneribus
1164 1438 1382 1486 exanime
1400 1438 1603 1487 cadaver
1622 1438 1945 1487 confoderunt

517 1524 661 1580 atque
693 1516 980 1563 lacerarunt.
1006 1518 1126 1563 Tum
1150 1533 1263 1564 vero
1295 1516 1503 1565 subinde
1526 1533 1612 1582 per
1634 1516 1808 1566 urbem
1841 1516 1941 1566 dis-

516 1609 732 1653 cursare,
759 1593 932 1641 domos
962 1594 1227 1659 irrumpere
1242 1633 1254 1657 ,
1280 1596 1406 1643 cives
1428 1595 1640 1661 optimos
1661 1603 1808 1660 atque
1840 1594 1942 1644 ho-

516 1672 749 1719 nestiores
773 1688 991 1737 quosque
1018 1673 1080 1720 ad
1102 1690 1316 1721 carceres
1337 1672 1526 1721 trahere
1553 1672 1821 1722 Armeniaci
1840 1689 1942 1720 no—

516 1749 675 1812 minis,
697 1749 890 1815 quibus,
907 1749 982 1798 vel
1001 1751 1174 1816 privati
1196 1751 1296 1799 odii
1318 1751 1498 1813 furore,
1514 1750 1591 1799 vel
1607 1767 1697 1817 pro
1715 1750 1941 1816 praedicta

515 1827 773 1893 cupiditate
795 1827 965 1876 liberet
987 1828 1228 1893 objectare
1246 1830 1276 1890 ²,
1309 1840 1356 1877 et
1383 1828 1557 1894 quibus
1588 1827 1829 1893 objectare
1852 1845 1938 1877 vo-

513 1904 732 1968 luissent,
750 1906 889 1954 ferire
900 1943 912 1965 ,
927 1922 1116 1966 necare,
1137 1906 1392 1956 crudeliter
1409 1908 1641 1970 lacerare,
1658 1906 1940 1956 sicariorum

513 1982 654 2030 turba
669 2019 682 2043 ,
708 2000 767 2031 ex
788 1983 929 2050 plebe
950 1983 1178 2032 vilissima
1199 1994 1342 2050 atque
1371 1983 1602 2051 opificum
1633 1983 1938 2032 mercenariis

512 2070 762 2126 aggregata
776 2098 788 2122 ,
826 2078 913 2127 per
953 2061 1055 2109 dies
1096 2061 1330 2127 plurimos
1374 2079 1475 2110 non
1517 2070 1777 2110 cessarunt.
1811 2059 1939 2110 Nihil

511 2140 642 2186 enim
663 2149 733 2186 est
754 2139 1067 2205 popularibus
1081 2140 1250 2203 turbis,
1268 2150 1552 2210 potestatem
1572 2156 1629 2188 ac
1651 2138 1935 2188 dominandi

510 2216 752 2264 licentiam
774 2217 876 2264 sine
902 2217 1071 2265 ordine
1094 2217 1448 2284 arripientibuS,
1464 2217 1792 2283 insipientius,
1814 2215 1936 2264 nihil

510 2294 752 2355 stolidiuS,
779 2294 901 2343 nihil
924 2295 1260 2361 periculosius,
1289 2295 1409 2344 nihil
1432 2295 1642 2361 denique
1673 2293 1929 2343 crudelius.

511 2375 617 2421 Non
639 2374 768 2421 enim
796 2374 992 2421 rationis
1006 2373 1188 2438 judicio
1210 2391 1293 2422 seu
1322 2373 1678 2434 moderamine,
1706 2372 1791 2421 sed
1812 2389 1934 2439 quo-

510 2468 718 2516 cumque
735 2451 940 2517 impetus
954 2451 1165 2514 duxerit,
1184 2451 1416 2512 feruntur,
1439 2452 1666 2500 torrentis
1684 2452 1834 2500 instar
1851 2460 1934 2500 aut

510 2530 871 2579 saevissimarum
896 2546 1032 2577 more
1046 2529 1332 2578 belluarum.
1357 2532 1453 2578 Nec
1467 2546 1581 2578 vero
1601 2528 1925 2596 pontificibus,

564 2688 583 2724 1
594 2714 603 2724 .
633 2687 708 2725 Sur
719 2683 759 2722 la
772 2682 873 2722 table
889 2682 938 2721 de
953 2680 1108 2720 marbre
1123 2681 1176 2720 du
1192 2681 1317 2721 Palais
1332 2695 1381 2721 en
1398 2682 1435 2722 la
1449 2682 1543 2723 Cite.
1564 2682 1700 2723 C'etait
1710 2694 1766 2722 un
1779 2680 1869 2722 bloc
1879 2680 1928 2721 de

509 2743 678 2794 marbre,
695 2743 803 2796 place
821 2756 871 2782 au
889 2742 985 2782 bout
1001 2742 1049 2780 de
1069 2742 1106 2780 la
1123 2741 1367 2795 grand’salle.

561 2808 601 2846 2.
629 2804 818 2858 Suppleez
830 2803 1093 2842 Armeniacum
1110 2816 1240 2841 nomen
1257 2815 1305 2842 en
1317 2802 1560 2856 supprimant
1577 2802 1666 2856 plus
1682 2802 1778 2842 haut
1793 2804 1928 2840 Arme-

510 2867 614 2903 niaci
621 2866 796 2904 nominis.
