2086 3528
713 356 859 396 LIBER
886 355 1156 396 SECUNDUS.
1598 354 1647 394 89

294 436 503 501 Contigit
523 435 667 486 etiam
689 447 742 485 ut
764 438 890 485 circa
912 436 1082 485 eadem
1109 452 1243 503 paene
1264 445 1483 501 tempora
1505 435 1651 500 oppi-

230 512 347 561 dum
374 531 526 580 prope
554 515 908 579 Rothomagum
930 551 942 575 ‚
972 514 1105 580 quod
1123 513 1427 562 Locusveris¹
1451 511 1645 572 dicitur,

230 590 411 656 Anglici
443 588 736 640 obsiderent.
782 593 927 651 Quod
967 609 1080 640 cum
1119 591 1348 639 arietibus
1381 600 1428 638 et
1455 589 1650 654 gruibus

229 667 427 734 aliisque
447 668 559 716 belli
585 670 980 718 machinamentis
1002 671 1049 718 vi
1068 685 1240 734 magna
1256 684 1535 734 oppugnare
1554 676 1651 715 ten-

227 756 434 807 tassent,
469 765 639 797 omnes
686 759 846 797 tamen
878 747 1212 813 hujuscemodi
1247 764 1416 795 eorum
1450 755 1651 794 conatus

229 825 438 883 frustrati
469 837 602 888 sunt,
639 845 728 876 nec
750 829 824 890 vi,
853 828 984 893 quod
1010 827 1320 876 vehementer
1343 834 1647 892 optaverant,

229 904 385 969 ipsum
438 905 656 955 obtinere
705 917 985 972 potuerunt.
1031 910 1143 955 Erat
1192 906 1322 953 enim
1362 905 1498 952 locus
1541 905 1652 952 satis

223 979 353 1033 ,bene
383 985 596 1032 munitus
626 995 675 1032 et
703 1002 877 1049 magna
900 995 1180 1049 vegetorum
1205 984 1411 1031 militum
1443 983 1652 1030 civium-

229 1075 323 1125 que
362 1064 703 1111 numerositate
739 1064 958 1112 refertus.
1007 1063 1154 1123 Quod
1198 1061 1517 1111 verisimiliter
1561 1077 1651 1108 nec

227 1137 530 1188 indefensum
573 1141 634 1189 ad
668 1142 831 1191 hostes
858 1142 1172 1207 pervenisset,
1212 1142 1252 1189 si
1284 1157 1454 1189 eorum
1488 1140 1572 1204 qui
1599 1140 1650 1186 in

228 1232 288 1264 eo
315 1217 499 1266 obsessi
529 1230 664 1267 erant
689 1221 965 1286 capitaneus
989 1220 1258 1285 praecipuus
1283 1228 1330 1266 et
1364 1219 1488 1266 inter
1513 1221 1655 1264 Fran-

227 1309 398 1343 corum
430 1296 578 1345 duces
612 1298 787 1346 militiae
821 1298 946 1346 illius
976 1298 1206 1364 temporis
1239 1296 1379 1344 valde
1410 1296 1650 1356 famosuS,

227 1385 552 1437 cognomento
581 1379 650 1423 La
681 1378 823 1423 Hier-e
836 1379 867 1436 ²,
907 1377 1105 1424 minime
1135 1375 1197 1423 ad
1229 1374 1441 1422 hostium
1483 1387 1654 1422 manus

227 1452 537 1515 pervenisset.
568 1455 741 1502 Exiens
769 1454 900 1502 enim
924 1454 1085 1502 furtim
1109 1454 1346 1518 oppidum
1366 1453 1466 1516 jam
1489 1451 1653 1500 obses-

228 1546 353 1593 sum,
376 1541 430 1579 ut
453 1533 622 1581 clausis
644 1550 923 1582 succursum
941 1532 1227 1589 adduceret,
1253 1549 1364 1580 cum
1388 1541 1541 1578 castra
1565 1531 1653 1578 ob-

227 1608 487 1657 sidentium
508 1621 659 1659 noctu
687 1612 1035 1677 pertransiisset
1061 1620 1109 1659 et
1137 1610 1237 1674 jam
1260 1627 1346 1676 per
1374 1610 1553 1658 dietam
1569 1611 1582 1633 ³
1609 1618 1655 1656 et

228 1686 432 1752 amplius
456 1688 518 1736 ab
543 1688 726 1754 oppido
752 1689 1042 1754 elongasset‚
1076 1688 1274 1735 fortuito
1297 1688 1499 1751 contigit
1519 1696 1571 1733 ut
1593 1685 1655 1733 ab

228 1778 330 1812 uno
354 1765 502 1814 milite
521 1766 861 1833 Burgundione
876 1767 1066 1832 agnitus
1084 1775 1352 1832 caperetur.
1379 1767 1488 1823 Quo
1507 1763 1655 1811 infor-

229 1843 366 1889 tunio
389 1843 611 1892 effectum
635 1855 705 1892 est
729 1855 807 1907 ut,
836 1862 947 1893 cum
973 1844 1190 1911 pluribus
1214 1843 1459 1891 mensibus
1482 1843 1654 1890 decur-

228 1920 292 1969 sis
322 1921 471 1970 sames
501 1933 548 1971 et
571 1924 792 1971 omnium
820 1941 983 1971 rerum
1006 1924 1207 1989 penuria
1231 1922 1452 1970 obsessos
1479 1922 1658 1986 afflige-

228 2008 319 2065 ret,
342 2017 433 2048 nec
454 2010 616 2050 tamen
643 2003 710 2050 eis
727 2043 738 2063 ‚
767 2013 820 2050 ut
842 2003 1070 2050 auxilium
1094 2002 1406 2069 praeberetur,
1430 2019 1537 2068 spes
1559 2002 1657 2049 ulla

224 2075 522 2144 superesset,
559 2081 856 2130 deditionem
894 2082 1119 2131 facerent.
1161 2085 1269 2140 Qua
1305 2082 1452 2143 facta,
1497 2082 1656 2129 statim

230 2156 410 2220 Anglici
435 2174 599 2206 muros
627 2169 672 2206 et
694 2169 857 2225 portas
886 2160 1055 2226 oppidi
1081 2160 1359 2225 dejecerunt
1382 2160 1657 2223 vallumque

231 2249 291 2280 ex
311 2237 524 2285 materiis
540 2238 891 2304 ruderibusque
914 2239 1029 2287 inde
1053 2239 1272 2306 dilapsis,
1298 2240 1498 2305 aliisque
1520 2239 1657 2287 terris

229 2327 256 2358 e
275 2315 496 2378 proximo
521 2316 634 2364 illuc
656 2318 969 2383 comportatis
983 2355 996 2380 ,
1022 2318 1435 2383 complanarunt'·.

284 2491 324 2528 1.
353 2491 555 2531 Louviers.
578 2494 675 2544 Voy.
697 2493 909 2545 ci-dessus‚
930 2509 970 2548 p.
998 2497 1065 2537 78.

286 2553 337 2647 2¹.l
356 2554 412 2589 La
436 2552 529 2591 Hire
545 2582 556 2600 ,
587 2555 776 2606 capitaine
801 2569 958 2610 gascon.
996 2559 1074 2597 Son
1101 2570 1193 2597 nom
1218 2558 1310 2598 &tait
1327 2550 1490 2597 Etienne
1515 2556 1564 2595 de
1592 2555 1657 2594 Vi·

231 2622 308 2660 gno
340 2624 394 2649 es.

289 2671 326 2709 3.
356 2673 444 2710 Une
459 2671 622 2720 journee
641 2673 688 2712 de
705 2674 875 2716 chemin.

286 2732 325 2767 4.
356 2733 410 2770 Le
426 2733 477 2769 25
501 2732 658 2772 octobre
676 2736 794 2774 1431.
