2086 3528
495 380 572 417 268
876 379 1222 418 HISTORIARUM
1249 381 1430 419 CAROLI
1456 383 1527 420 vn

496 463 872 522 misericordia¹3
899 472 945 509 et
979 463 1075 522 sic,
1103 463 1236 524 juxta
1270 466 1553 513 sententiam
1589 465 1713 513 beati
1748 466 1911 514 Jacobi

495 541 722 605 apostoli,
745 541 979 604 judicium
1015 540 1058 586 ei
1082 541 1185 587 sine
1213 542 1532 589 misericordia
1557 543 1794 591 redditum
1815 553 1908 605 est,

495 618 577 682 qui
619 617 719 664 aliis
761 617 1137 664 misericordiam
1172 635 1269 664 non
1304 618 1501 678 fecerat,
1551 631 1598 668 et
1634 621 1717 685 qui
1756 620 1912 684 gladio

495 696 672 742 multos
710 705 1030 760 percusserat,
1066 695 1223 758 gladio
1255 706 1299 743 et
1336 697 1465 761 ipse,
1498 698 1633 761 juxta
1658 698 1914 746 Salvatoris

495 789 664 819 vocem
681 811 691 831 ,
729 773 884 837 periit.
918 776 1086 819 Fuerat
1116 773 1243 819 enim
1268 790 1415 821 saevus
1438 775 1701 822 admodum
1733 785 1780 822 et
1804 770 1911 822 c'ru-

494 850 611 897 delis
634 850 682 896 in
709 853 942 909 Francos,
972 849 1101 896 unde
1129 850 1190 897 ad
1215 850 1434 897 ultimum
1458 869 1622 916 parem
1656 851 1746 898 sibi
1769 852 1911 899 etiam

495 929 644 974 vicem
668 927 946 974 retulerunt.

557 1006 678 1053 Talis
701 1006 843 1068 igitur
864 1005 971 1052 finis
994 1005 1081 1053 fuit
1105 1006 1306 1053 domino
1332 1007 1391 1055 de
1425 1007 1628 1055 Talebot.
1657 1012 1766 1067 Quo
1790 1025 1912 1056 caeso

494 1083 693 1147 fusoque
724 1084 931 1130 exercitu
953 1100 1064 1142 suo,
1092 1084 1298 1148 reliquiae
1314 1122 1325 1142 ‚
1352 1102 1457 1149 quae
1479 1102 1723 1150 superesse
1744 1096 1914 1151 potue-

493 1172 600 1209 rant
617 1200 628 1222 ‚
657 1162 779 1210 intra
802 1161 1038 1227 oppidum
1058 1162 1354 1210 Castellionis
1385 1163 1632 1221 obsessum
1659 1164 1838 1228 majore
1857 1183 1911 1213 ex

492 1248 626 1302 parte
663 1255 712 1285 se
746 1249 1056 1303 receperunt,
1090 1239 1170 1285 tali
1200 1238 1381 1302 refugio
1418 1239 1658 1286 districtos
1692 1240 1740 1286 in
1779 1256 1913 1288 suam

492 1332 658 1363 necem
682 1315 863 1380 gladios
886 1317 1157 1362 evadentes.
1190 1316 1431 1363 Pedestrisv
1447 1327 1605 1364 autem
1639 1317 1722 1381 qui
1744 1317 1916 1365 subse-

491 1393 727 1457 quebatur
763 1393 1018 1451 exercitus,
1049 1393 1211 1440 audita
1243 1393 1518 1457 hujusmodi
1550 1395 1710 1455 clade,
1745 1395 1916 1460 suique

493 1472 628 1518 ducis
653 1482 700 1518 et
724 1471 915 1535 majoris
939 1472 1085 1537 partis
1116 1472 1346 1536 equestris
1381 1472 1555 1519 militiae
1578 1489 1632 1519 ac
1656 1472 1915 1520 nobilitatis

494 1550 826 1614 peremptione
868 1550 1105 1608 exterriti,
1152 1549 1326 1623 pedem
1365 1559 1491 1596 retro
1523 1549 1811 1609 referentes,
1852 1551 1912 1598 ad

491 1627 684 1690 propria
707 1626 996 1689 refugerunt.
1025 1627 1341 1674 Postmodum
1363 1644 1478 1674 vero
1494 1665 1505 1687 ‚
1533 1627 1653 1685 infra
1679 1628 1879 1676 biduum
1898 1666 1910 1687 ‚

491 1703 669 1750 obsessi
705 1720 787 1768 spe
820 1705 974 1751 solatii
1010 1704 1434 1767 subventionisque
1460 1704 1812 1769 consequendae
1834 1705 1915 1753 de-

490 1781 665 1842 stituti,
700 1782 938 1829 victorum
978 1781 1174 1829 arbitrio
1217 1782 1385 1847 oppidi
1425 1781 1720 1831 deditionem
1761 1783 1914 1832 facere

491 1859 646 1925 coacti
668 1862 820 1906 sunt².

555 1938 607 1983 ln
621 1953 679 1982 eo
697 1937 866 2001 proelio
892 1937 1081 1996 Franci,
1105 1947 1380 1984 constanter
1401 1949 1446 1985 et
1465 1948 1658 1985 strenue
1674 1947 1913 2004 exspecta·

489 2014 571 2074 tis,
596 2023 647 2060 ut
667 2014 897 2075 diximus,
919 2014 1139 2062 hostibus
1155 2053 1166 2075 ‚
1198 2014 1503 2061 dimicarunt.
1535 2015 1772 2080 Praecipue
1799 2031 1911 2063 vero

488 2091 952 2139 commendabantur
974 2092 1146 2139 milites
1169 2108 1223 2139 ex
1247 2091 1489 2138 Britannia
1508 2093 1772 2153 Armorica,
1789 2108 1913 2157 quos

543 2267 581 2304 1.
613 2264 729 2302 Selon
758 2277 835 2303 une
859 2264 1022 2303 relation
1048 2265 1164 2304 e'crite
1199 2265 1234 2303 le
1261 2263 1548 2303 surlendemain
1578 2264 1626 2303 de
1659 2264 1695 2303 la
1725 2263 1910 2313 bataille,

493 2343 508 2358 «ι
533 2325 589 2363 fut
608 2324 700 2363 ledit
722 2323 910 2362 Thalebot
937 2325 1009 2362 mis
1033 2326 1053 2362 ὲ
1080 2334 1181 2363 mort
1201 2338 1272 2376 par
1294 2337 1344 2362 nn
1364 2323 1531 2369 archier,
1560 2323 1686 2374 lequel
1713 2323 1767 2361 lui
1795 2322 1912 2362 baina

487 2384 604 2423 d'une
623 2385 736 2436 espee
757 2398 826 2436 par
850 2385 902 2422 mi
923 2384 958 2422 le
979 2384 1224 2433 sondement‚
1247 2384 1444 2422 tellement
1462 2383 1604 2434 qu'elle
1628 2383 1747 2422 vuida
1766 2396 1836 2434 par
1858 2383 1910 2422 mi

487 2444 524 2482 la
553 2457 684 2498 gorge.
712 2462 728 2476 »ν
764 2444 965 2493 (Biblioth.
1004 2445 1053 2480 de
1082 2437 1224 2481 l’Ecole
1247 2446 1314 2481 des
1342 2444 1488 2480 charles
1505 2473 1515 2491 ‚
1551 2452 1574 2483 t.
1613 2446 1690 2491 III,
1721 2445 1762 2481 2·
1781 2443 1908 2492 serie,

487 2518 527 2555 p.
550 2507 665 2553 246).
698 2507 751 2543 La
775 2504 929 2542 version
956 2503 1002 2541 de
1025 2507 1061 2542 J.
1083 2503 1257 2542 Chartier
1286 2503 1478 2555 complete
1512 2517 1575 2541 ces
1611 2503 1740 2542 divers
1767 2503 1909 2543 temoi-

486 2577 628 2616 gnages
643 2581 650 2601 :
671 2582 688 2599 ιι
705 2564 760 2602 fut
773 2563 929 2602 atteinte
946 2563 1066 2615 d'ung
1081 2577 1181 2614 coup
1197 2563 1245 2601 de
1262 2563 1485 2601 coulevrine
1504 2563 1539 2600 la
1555 2563 1777 2614 hacquenee
1795 2562 1910 2602 d’ice-

484 2624 553 2675 luy
576 2622 749 2673 Talebot,
770 2623 966 2662 tellement
992 2623 1133 2674 qu'elle
1152 2623 1268 2661 chent
1287 2623 1523 2661 incontinent
1550 2631 1654 2661 tonte
1683 2630 1807 2662 morte
1839 2636 1910 2674 par

485 2693 586 2722 terre
603 2699 613 2731 ;
636 2692 672 2721 et
694 2696 743 2722 en
758 2695 920 2720 mesmes
939 2690 1062 2733 temps
1080 2681 1254 2730 Talebot,
1272 2695 1339 2720 son
1362 2683 1529 2730 maistre,
1552 2682 1606 2720 fut
1621 2682 1802 2721 renverse
1819 2682 1909 2722 des-

485 2758 575 2783 sous
590 2760 599 2793 ;
616 2744 741 2795 lequel
765 2744 823 2781 fut
840 2742 1078 2780 incontinent
1094 2742 1158 2780 tue
1175 2755 1245 2794 par
1261 2743 1448 2793 quelques
1462 2742 1645 2781 archiers.
1667 2760 1682 2775 ι»

538 2806 578 2844 2.
610 2807 664 2842 La
689 2803 843 2841 bataille
869 2801 917 2840 de
935 2801 1118 2841 Castillon
1140 2810 1205 2839 eut
1224 2801 1301 2839 lieu
1326 2801 1362 2839 le
1391 2804 1439 2839 17
1464 2802 1605 2850 juillet.
1642 2804 1696 2839 La
1719 2800 1825 2852 place
1846 2800 1902 2839 fut

486 2864 634 2902 rendue
652 2877 729 2902 aux
749 2862 927 2913 Francais
946 2862 982 2901 le
1001 2861 1220 2900 lendemain
1239 2864 1305 2899 18.
