2086 3528
717 322 864 365 LIBER
888 321 1131 370 QUARTUS.
1561 322 1634 360 1⁶³

710 500 1049 546 CAPITULUM
1077 500 1135 546 11.

247 626 455 676 Quomodo,
471 624 627 665 secundo
642 637 736 661 anno
754 633 954 672 treugarum
971 652 979 669 ‚
1001 636 1063 659 rex
1077 625 1298 663 Francorum
1316 636 1397 659 cum
1416 631 1489 664 tota
1505 625 1628 665 militia

581 684 681 732 regni
699 683 735 719 in
752 683 1016 731 Lotharingiam
1035 692 1085 719 est
1098 683 1290 732 profectus.

300 793 392 846 Sed
414 792 630 859 profecto
645 792 701 845 ,in
723 792 923 856 longum
945 807 1106 843 rerum
1133 790 1457 843 humanarum
1480 791 1649 840 incon-

237 881 365 927 stans
394 886 582 935 semper
614 869 816 919 varietas
851 869 1063 934 quietem
1098 878 1279 920 tantam
1319 868 1516 918 sufferre
1549 886 1651 918 non

237 949 410 1020 potuit.
435 951 555 999 Nam
587 963 716 997 anno
747 963 900 1012 prope
928 946 1131 995 decurso
1153 962 1206 994 ex
1233 962 1332 1010 quo
1356 955 1530 1010 treugae
1561 947 1652 999 ini-

239 1028 362 1082 tiatae
392 1027 580 1077 fuerant
596 1063 609 1088 ,
642 1026 839 1075 Carolus
873 1041 978 1084 rex,
1014 1024 1214 1077 collecta
1244 1024 1451 1075 maxima
1477 1025 1655 1073 ducum

240 1123 440 1162 suorum
476 1115 525 1159 et
557 1111 851 1154 armatoru‘m
891 1103 1223 1164 multitudine,
1258 1103 1308 1155 in
1339 1103 1512 1167 quibus
1547 1114 1658 1152 ante

241 1195 456 1249 treugam
490 1193 537 1231 et
573 1183 912 1231 effervescente
938 1197 1215 1245 guerrarum
1249 1190 1527 1246 tempestate
1560 1197 1659 1228 nu-

243 1279 403 1317 merus
425 1271 566 1326 atque
589 1260 712 1308 ordo
739 1269 785 1309 et
806 1259 1058 1324 disciplina
1078 1259 1292 1308 militaris
1305 1297 1318 1320 ,
1338 1268 1420 1306 aut
1438 1259 1558 1318 rari,
1581 1269 1663 1306 aut

246 1357 380 1406 paene
403 1339 523 1390 nulli
544 1338 719 1391 servati
740 1337 954 1398 fuerant,
980 1336 1099 1385 fines
1121 1336 1404 1385 Metensium
1426 1346 1474 1383 et
1491 1335 1666 1384 Lotha-

246 1419 408 1483 ringiae
443 1416 576 1468 adire
607 1416 856 1467 constituit
874 1418 902 1461 ¹.
931 1414 1173 1465 Suadebat
1194 1415 1289 1465 hoc
1322 1414 1412 1463 sibi
1438 1417 1661 1473 RenatuS,

246 1513 326 1549 rex
355 1494 549 1556 Siciliae,
578 1493 969 1556 Andegavorum,
1008 1493 1308 1544 Barrensium
1337 1502 1383 1541 et
1418 1492 1668 1539 Lotharin-

249 1575 333 1644 giae
365 1573 491 1636 dux,
525 1573 660 1637 cujus
692 1572 742 1623 in
779 1571 1117 1629 matrimonio,
1159 1580 1212 1622 ut
1248 1586 1394 1635 supra
1432 1570 1663 1630 diximus,

248 1651 458 1706 habehat
479 1666 714 1709 sororem,
744 1659 799 1698 ut
819 1649 1101 1698 Metensium
1121 1647 1251 1695 illam
1271 1647 1504 1710 insignem
1527 1658 1670 1712 atque

250 1730 451 1781 liberam
482 1728 684 1792 urbem,
722 1726 896 1777 auxilio
932 1725 1148 1789 ejusdem
1172 1725 1355 1783 Caroli,
1390 1741 1486 1774 suae
1519 1725 1670 1772 facere

253 1818 413 1875 posset
433 1806 653 1865 ditionis;
681 1815 793 1866 aut,
820 1805 860 1852 si
881 1803 944 1852 ad
974 1803 1070 1851 hoc
1092 1803 1289 1853 minime
1311 1803 1560 1868 pervenire
1582 1802 1672 1850 da-

253 1896 401 1948 retur,
417 1885 584 1935 saltem
597 1885 872 1935 cautionem
889 1880 1149 1947 quamdam
1162 1897 1342 1944 magnae
1358 1881 1670 1946 pecuniarum

255 1980 469 2023 summae,
500 1979 664 2028 quam,
702 1960 765 2012 ab
797 1960 864 2009 eis
888 1969 1085 2024 accepto
1113 1968 1309 2019 mutuo,
1335 1958 1438 2023 ipse
1473 1957 1668 2018 fecerat,

257 2041 375 2090 dum
399 2058 426 2092 a
449 2040 675 2092 manibus
699 2038 834 2089 ducis
867 2036 1286 2101 Burgundionum,
1312 2052 1338 2085 a
1360 2052 1459 2100 quo
1482 2034 1674 2083 detine-

258 2119 416 2177 batur,
453 2134 504 2166 se
533 2117 727 2168 redimit
748 2124 892 2180 atque
921 2114 1168 2174 liberavit,
1205 2112 1266 2164 ab
1287 2112 1469 2163 eisdem
1492 2112 1675 2163 civibus

260 2196 440 2249 viribus
456 2211 658 2248 vacuam
676 2193 907 2258 reciperet
929 2202 976 2242 et
992 2201 1309 2257 recuperaret.
1328 2193 1526 2256 Semper
1545 2190 1675 2238 enim

262 2274 475 2329 invidere
499 2274 655 2326 solent
675 2271 865 2336 tyranni
883 2270 1093 2330 ‚libertati
1109 2307 1122 2329 2
1148 2270 1298 2334 quieti
1318 2279 1367 2317 et
1382 2270 1571 2335 justitiae
1592 2285 1676 2333 po-

266 2352 514 2424 pulorum3
539 2350 671 2420 quod
692 2350 761 2402 illi
783 2349 951 2416 optimi
973 2350 1099 2401 cives
1117 2350 1366 2408 Metenses,
1391 2363 1447 2395 ea
1469 2357 1678 2412 tempes-

267 2442 390 2493 tate,
413 2432 618 2483 maximo
643 2447 730 2481 suo
752 2429 1066 2483 incommodo
1097 2429 1276 2494 experti
1310 2428 1519 2481 fuerunt.
1558 2430 1677 2474 Nam

270 2510 319 2558 in
338 2526 506 2558 eorum
527 2510 810 2574 agrisatque
828 2509 1141 2572 Lotharingiae
1155 2545 1168 2567 ,
1193 2507 1275 2571 qui
1295 2517 1397 2557 tum
1415 2505 1679 2572 praedivites

273 2597 319 2639 et
344 2586 610 2652 ‚locupletes
643 2597 777 2636 erant
793 2624 805 2646 ,
840 2587 1059 2639 omnium
1086 2586 1334 2637 affluentes
1354 2585 1492 2649 copia
1523 2583 1681 2630 bono-

275 2682 408 2727 rum,
454 2681 565 2717 cum
601 2664 747 2716 effusa
782 2665 944 2715 suisset
979 2664 1057 2717 illa
1090 2667 1383 2716 Francorum
1414 2661 1685 2711 inordinata

334 2830 372 2865 1·
404 2830 460 2870 En
480 2825 696 2878 septembre
714 2827 835 2875 14⁴4,
850 2825 944 2865 trois
959 2824 1058 2867 mois
1075 2824 1287 2865 seulement
1302 2822 1413 2875 apres
1428 2821 1466 2859 la
1485 2820 1606 2861 treve.
