2086 3528
729 326 874 364 LIBER
901 327 1144 374 QUARTUS.
1561 328 1639 366 223

230 411 467 477 picaretur
483 445 496 470 ,
541 407 849 456 considerans
894 408 1156 473 prudenter
1201 417 1342 472 atque
1388 407 1641 456 intendens

231 489 492 553 Anglorum
520 486 785 553 praecipuos
821 486 967 534 duces
997 486 1092 534 illic
1126 485 1289 534 adesse
1321 502 1431 533 cum
1460 487 1642 550 magnis

226 565 509 626 'militaribus
531 564 700 630 copiis,
727 563 867 611 simul
892 564 1032 612 etiam
1055 563 1252 612 eosdem
1274 563 1370 611 illic
1388 579 1518 610 arces
1539 565 1643 630 plu-

232 661 306 693 res
337 643 626 692 firmissimas
658 651 706 690 et
730 642 1070 690 munitissimas
1104 658 1366 707 occupare,
1395 651 1555 689 tamen
1589 658 1643 688 ex

230 722 464 771 sententia
486 730 532 769 et
555 720 899 768 deliberatione
919 719 1097 768 ducum
1117 736 1331 782 suorum,
1351 736 1413 767 ne
1434 719 1482 766 in
1507 728 1645 767 antea

232 799 356 848 cives
390 798 515 846 illius
551 798 644 846 loci
672 797 855 846 causari
876 807 1097 863 possent,
1125 814 1226 845 non
1257 813 1341 845 sua
1372 796 1537 862 culpa,
1563 797 1646 845 sed

229 875 388 943 potius
409 877 555 941 regis,
583 886 630 923 et
653 892 850 923 suorum
871 876 1155 940 negligentia
1178 886 1223 923 et
1248 875 1437 940 ignavia
1467 876 1646 924 stetisse

231 955 363 1021 quod
385 955 473 1004 sub
500 955 600 1020 ejus
623 955 856 1003 ditionem
879 971 978 1002 non
1007 955 1270 1016 venissent,
1297 964 1476 1003 tentare
1501 965 1548 1003 et
1569 972 1647 1003 ex-

231 1034 377 1100 periri
412 1033 620 1081 decrevit
657 1033 696 1080 si
738 1032 818 1080 illa
858 1033 934 1081 via
968 1042 1130 1099 posset
1169 1031 1261 1079 sibi
1298 1032 1470 1080 urbem
1521 1033 1649 1081 illam

194 1161 199 1166 ,
232 1111 612 1176 potentissimam
635 1110 895 1175 acquirere.

297 1189 506 1237 Admoto
530 1189 687 1253 itaque
703 1188 907 1235 exercitu
925 1187 1058 1251 juxta
1080 1187 1256 1236 moenia
1279 1188 1433 1250 urbis,
1460 1189 1520 1236 ad
1544 1206 1649 1256 par-

234 1272 330 1314 tem
369 1264 498 1313 illam
531 1263 616 1312 ubi
653 1263 984 1312 existimabant
1030 1274 1250 1313 auctores
1283 1265 1650 1330 conspirationis

233 1359 322 1409 pro
352 1359 604 1391 murorum
640 1342 857 1390 custodia
890 1343 1104 1405 adstare,
1143 1342 1360 1391 alacriter
1393 1344 1651 1393 insilientes

233 1420 403 1468 milites
435 1420 486 1467 in
512 1419 690 1468 vallum
712 1429 759 1467 et
781 1420 844 1468 ad
864 1420 1039 1486 pedem
1061 1422 1185 1468 muri
1219 1421 1515 1469 incurrentes
1533 1459 1545 1482 ,
1571 1421 1651 1468 alii

232 1515 319 1564 per
340 1497 489 1547 scalas
519 1497 843 1546 conscendere
861 1535 872 1557 ‚
909 1498 988 1546 alii
1020 1499 1242 1547 manibus
1265 1500 1647 1565 conspiratorum

233 1575 406 1624 attrahi
431 1586 478 1623 et
497 1575 738 1623 introduci
763 1593 949 1642 coepere
963 1580 991 1623 ¹.
1021 1577 1113 1624 Sed
1139 1594 1249 1624 cum
1272 1578 1453 1625 circum
1476 1579 1653 1627 moenia

233 1653 294 1701 ab
309 1654 432 1702 intra
451 1653 782 1719 adequitarent
802 1655 1065 1719 Anglorum
1084 1654 1230 1703 duces
1246 1672 1359 1702 cum
1374 1655 1654 1704 cohortibus

234 1731 437 1780 militum
455 1769 467 1793 ,
494 1741 540 1780 et
561 1732 685 1780 inter
707 1741 900 1781 caeteros
922 1733 1189 1799 praecipuus
1211 1749 1372 1781 comes
1393 1733 1655 1782 Cherosbe·

287 1927 327 1970 1.
361 1946 379 1964 α
401 1929 598 1970 Acerrime
623 1928 836 1970 Senescalci
863 1936 902 1967 et
916 1928 1066 1977 xBallivi
1093 1929 1272 1970 cohortes
1307 1944 1510 1971 murorum
1540 1945 1656 1985 agge-

234 1999 317 2029 rem
343 1998 532 2042 occupant
546 2019 558 2039 ,
586 1989 800 2042 praecipites
825 1988 910 2028 altis
935 1989 1045 2028 fossis
1068 1990 1302 2040 illabuntur,
1335 1992 1488 2044 erigunt
1512 1993 1654 2039 scalas,

233 2050 446 2102 irrepentes
475 2051 580 2089 ferro
613 2050 762 2100 onusti,
791 2048 1003 2089 ascendunt
1032 2051 1194 2098 moenia,
1224 2050 1334 2091 binas
1364 2065 1471 2091 arces
1503 2053 1656 2090 nancis-
1727 2085 1739 2093 .

234 2119 389 2159 cuntur,
409 2110 571 2150 animosi
589 2110 817 2163 populosam
836 2109 981 2148 intrant
1004 2110 1165 2159 urbem,
1190 2111 1501 2164 magnanimique
1525 2111 1654 2159 cives,

233 2170 355 2222 ipsius
375 2171 570 2240 ingressus
588 2179 788 2219 auctores,
809 2171 950 2209 armati
973 2184 1061 2209 cum
1086 2140 1206 2211 Gallis
1229 2171 1461 2225 junguntur.
1486 2142 1657 2210 Audacia

234 2230 392 2270 immani
428 2231 550 2270 nostri
583 2242 716 2269 muros
754 2230 894 2269 acriter
927 2231 1136 2278 scandunt,
1173 2232 1333 2270 immani
1370 2231 1551 2271 vecordia
1586 2232 1658 2271 hos

234 2299 364 2342 partos
381 2291 524 2330 insulse
551 2299 794 2330 conservant.
818 2293 993 2343 Nempe,
1013 2300 1055 2330 ut
1076 2291 1269 2345 fastigium
1292 2303 1408 2344 super
1437 2291 1655 2343 adstarent,

234 2350 414 2390 nonnulli
430 2359 648 2390 nostrorum
668 2364 759 2389 mox
778 2364 799 2389 e
817 2350 1003 2403 vestigio,
1036 2351 1117 2391 sive
1152 2365 1272 2404 prava
1303 2351 1512 2404 cupiditate
1542 2353 1655 2401 caeci,

235 2410 292 2449 uti
324 2411 444 2462 vulgo
479 2410 650 2451 avaritiae
688 2418 918 2463 arguuntur,
962 2423 1030 2449 seu
1066 2423 1162 2449 ausu
1199 2411 1424 2461 temerario,
1463 2414 1658 2451 communi

235 2469 435 2510 Gallorum
460 2469 619 2519 morbo,
641 2470 751 2518 elati,
778 2469 913 2509 relicta
937 2484 1138 2509 murorum
1165 2470 1348 2519 tuitione,
1374 2471 1504 2509 stricto
1527 2472 1654 2519 ferro,

235 2529 312 2569 huc
345 2530 437 2569 illuc
466 2539 669 2583 vagantur.
709 2531 909 2570 Tumultus
939 2531 1032 2570 inde
1062 2531 1198 2585 ingens
1238 2531 1288 2570 ad
1318 2531 1457 2569 coelum
1503 2539 1656 2577 vectus,

234 2580 420 2629 barbaros
456 2590 676 2643 (Anglicos)
713 2589 763 2628 ad
796 2603 904 2628 arma
941 2591 1093 2629 excitat.
1134 2590 1280 2642 Vulgus
1325 2589 1582 2628 inconsultum
1622 2599 1659 2627 et

236 2650 351 2698 hujus
374 2650 432 2688 rei
456 2650 652 2702 ignarum,
677 2650 806 2688 Gallos
832 2650 1069 2689 introductos
1094 2650 1230 2690 nibem
1259 2650 1427 2701 diripere
1454 2658 1491 2687 et
1515 2648 1658 2686 civium

238 2709 476 2761 opulentium
491 2709 593 2748 bona
609 2709 772 2761 praedari
795 2709 1056 2759 arbitrantur3
1080 2724 1124 2749 ac
1143 2710 1343 2748 seductum
1364 2707 1551 2747 sententia
1570 2721 1657 2745 cum

239 2769 451 2822 Anglorum
480 2769 675 2807 ferocitate
705 2768 755 2807 ad
783 2769 914 2808 Gallos
945 2769 1194 2822 expellendos
1230 2768 1445 2807 truculenta
1469 2766 1661 2806 ministrat

239 2841 358 2868 arma.
381 2846 397 2862 n
421 2827 566 2867 Robert
584 2827 769 2876 Blondel,
792 2830 959 2866 Assertio
978 2831 1232 2887 Normqnniae,
1255 2827 1281 2865 l.
1307 2829 1380 2877 111,
1402 2839 1438 2867 c.
1461 2839 1548 2864 1111.
