2086 3528
492 323 516 360 8
866 321 1211 359 HISTORIARUM
1241 321 1420 359 CAROLI
1451 322 1522 359 VII

558 408 667 464 Quo
684 404 860 452 effluxo
886 404 1040 469 spatio
1055 419 1196 463 ,cum
1211 402 1342 468 apud
1357 419 1407 450 se
1430 403 1634 466 graviter
1655 413 1703 450 et
1724 418 1913 452 morose

492 481 803 530 revolvissent
829 479 1207 544 magnitudinem
1231 480 1362 540 facti,
1392 489 1440 527 et
1463 496 1569 544 quae
1598 478 1770 545 exinde
1791 480 1915 529 veri-

492 557 708 607 similiter
736 557 862 605 mala
884 566 1026 621 atque
1049 556 1263 621 pericula
1285 566 1441 605 essent
1464 567 1693 605 eventura
1709 594 1722 619 ,
1747 556 1913 622 hujus-

493 636 626 684 modi
648 635 903 683 consilium
926 634 1249 695 tradiderunt,
1271 644 1346 695 ut,
1369 635 1600 700 quoniam
1621 644 1730 700 post
1751 651 1926 701 perso-,

492 731 607 762 nam
623 714 744 778 regis
758 749 770 773 ‚
797 714 922 761 inter
940 729 1108 760 omnes
1134 713 1374 778 principes
1396 713 1532 777 regni
1552 713 1655 778 ipse
1679 713 1916 761 maximus

493 802 637 852 esset,
653 790 948 855 haberetque
961 791 1193 855 majorem
1211 799 1395 855 partem
1410 807 1664 856 procerum
1683 791 1818 855 regni
1831 790 1916 839 ob—

492 878 772 934 sequentem
794 878 841 916 et
864 868 1112 928 devotam,
1136 877 1303 933 utpote
1326 884 1383 915 ex
1401 868 1536 931 cujus
1553 867 1751 916 arbitrio
1769 869 1916 916 totius

492 948 627 1011 regni
646 957 693 995 et
717 946 944 1011 regalium
968 946 1234 994 moderatio
1258 955 1401 1010 atque
1421 945 1769 994 administratio
1795 963 1914 1013 pen-

493 1026 607 1074 dere
634 1025 901 1084 videbatur,
925 1042 1025 1072 non
1039 1023 1090 1072 id
1105 1034 1215 1071 ante
1231 1025 1424 1090 exsequi
1437 1034 1580 1090 atque
1594 1025 1747 1074 facere
1763 1034 1915 1074 atten-

492 1113 635 1164 taret,
653 1120 798 1168 quam
814 1102 905 1150 sibi
920 1103 1168 1150 civitatum
1184 1112 1230 1150 et
1243 1103 1537 1168 populorum
1555 1104 1687 1167 regni
1704 1103 1916 1152 favorem

492 1199 548 1229 ac
572 1182 770 1246 gratiam
790 1180 1115 1242 conciliasset3
1138 1180 1253 1227 alias
1273 1196 1389 1227 vero
1406 1179 1676 1228 civitatibus
1691 1190 1738 1228 et
1759 1182 1917 1246 regni-

492 1260 609 1307 colis
632 1259 718 1325 [se]
735 1259 942 1306 invisum
967 1258 1190 1306 redderet
1210 1275 1266 1306 ac
1285 1257 1527 1305 odiosum.
1556 1257 1606 1305 Id
1632 1268 1793 1307 autem
1821 1259 1917 1309 hoc

493 1337 643 1385 modo
661 1336 848 1384 efficere
861 1346 1044 1402 posset,
1061 1337 1100 1384 si
1112 1336 1298 1383 Parisiis
1311 1336 1548 1402 praecipue
1559 1373 1571 1397 ‚
1589 1353 1695 1401 quae
1711 1346 1811 1385 tam
1831 1338 1918 1386 mi-

492 1414 631 1463 rabili
653 1413 946 1480 populorum
966 1414 1027 1461 de
1045 1414 1179 1462 omni
1197 1414 1495 1474 conditione,
1515 1413 1687 1462 ordine
1707 1424 1756 1463 et
1772 1422 1915 1475 statu,

493 1492 798 1540 multitudine
812 1491 985 1540 referta
995 1529 1008 1553 ,
1024 1501 1071 1539 et
1086 1491 1147 1539 de
1166 1491 1392 1539 omnibus
1416 1492 1551 1556 regni
1571 1491 1846 1540 nationibus
1862 1491 1919 1542 ac

492 1570 771 1637 provinciis,
783 1586 983 1634 regnum
999 1570 1157 1635 ipsum
1171 1569 1385 1634 quodam
1398 1571 1530 1617 velut
1545 1571 1838 1636 compendio
1851 1588 1921 1620 re-

493 1647 698 1708 ferebat,
718 1657 765 1694 et
780 1647 993 1694 similiter
1012 1649 1061 1694 in
1079 1647 1182 1695 aliis
1198 1647 1581 1713 quibuscumque
1598 1647 1918 1698 nobilioribus

492 1726 627 1788 regni
658 1724 953 1784 civitatibuS,
987 1741 1075 1790 per
1103 1723 1353 1772 biennium
1384 1725 1462 1773 vel
1493 1726 1755 1774 triennium
1776 1737 1914 1788 ante,

491 1819 579 1869 per
602 1803 906 1868 interpositas
927 1818 1156 1867 personas
1179 1802 1362 1867 ubique
1393 1803 1694 1852 disseminari
1716 1804 1914 1866 faceret,

492 1897 542 1928 se
562 1881 770 1928 maxime
792 1880 1045 1945 regnicolis
1067 1882 1278 1948 compati
1301 1891 1347 1929 et
1369 1882 1653 1942 condolere,
1681 1882 1814 1946 quod
1846 1893 1919 1931 tot

491 1957 679 2005 tributis
706 1968 753 2006 et
775 1960 916 2006 variis
943 1976 998 2007 ac
1022 1959 1367 2025 multiplicibus
1390 1960 1700 2024 vectigalibus
1729 1978 1917 2026 preme—

493 2045 687 2097 rentur;
710 2053 855 2100 seque
876 2038 988 2084 totis
1010 2038 1126 2085 eniti
1146 2037 1398 2085 conatibus
1428 2048 1497 2099 ut,
1523 2055 1672 2102 regno
1702 2039 1766 2086 ad
1796 2040 1918 2087 anti-

494 2130 613 2177 quas
647 2131 756 2162 suas
786 2114 1024 2163 libertates
1053 2116 1292 2177 restituto,
1329 2116 1553 2163 omnibus
1584 2115 1918 2181 hujuscemodi

493 2191 722 2239 molestiis
744 2193 1123 2257 gravissimisque
1145 2193 1474 2241 exactionibus
1495 2194 1702 2260 populus
1733 2194 1918 2244 levare-

494 2266 597 2331 tur:
627 2270 710 2317 sed
743 2287 804 2318 ne
839 2272 914 2318 sui
945 2272 1117 2337 optimi
1154 2288 1210 2319 ao
1243 2272 1442 2337 piissimi
1471 2273 1571 2319 voti
1605 2289 1661 2320 ac
1695 2272 1912 2335 affectus,

493 2363 638 2412 quem
658 2347 720 2395 ad
742 2365 945 2413 regnum
969 2360 1015 2398 et
1037 2349 1301 2415 regnicolas
1324 2349 1540 2414 gerebat,
1567 2350 1773 2399 fructum
1798 2367 1919 2401 asse-

493 2436 736 2489 queretur,
755 2427 901 2492 ipsius
918 2427 1325 2475 Aurelianensium
1343 2427 1480 2475 ducis
1505 2438 1552 2475 et
1574 2445 1773 2477 suorum
1793 2430 1917 2480 vires

490 2513 539 2552 et
561 2514 762 2552 conatus
777 2521 965 2571 semper
983 2505 1218 2553 obstitisse
1235 2515 1281 2553 et
1297 2506 1529 2553 continuo
1548 2506 1740 2555 obstare
1753 2544 1766 2569 ‚
1784 2509 1917 2572 quod

493 2580 711 2629 omnium
723 2581 1055 2646 hujuscemodi
1071 2583 1479 2649 imponendorum
1490 2594 1537 2631 et
1554 2585 1602 2631 in
1619 2584 1719 2632 dies
1729 2601 1918 2634 excres-

491 2659 717 2718 centium,
731 2676 970 2707 novorum
982 2660 1270 2708 tributorum
1286 2671 1428 2725 atque
1438 2662 1740 2726 vectigalium
1750 2673 1917 2712 auctor

491 2747 540 2785 et
561 2736 783 2786 defensor
806 2739 1041 2787 maximus
1060 2740 1318 2799 exsisteret,
1340 2758 1394 2788 ac
1412 2758 1601 2807 semper
1617 2742 1881 2790 exstitisset.

559 2819 661 2865 Hoc
681 2817 838 2882 itaque
855 2835 1066 2878 rumore,
1085 2835 1170 2884 per
1187 2836 1356 2867 omnes
1378 2820 1474 2868 sere
1496 2821 1707 2870 civitates
1730 2831 1778 2870 et
1797 2838 1916 2888 pro-
